2872 5176
410 373 717 481 Arantinos
754 375 949 476 LrnX.
1037 335 1040 339 Ι
1094 398 1190 507 177

135 574 276 662 Praelia
288 603 358 658 ceu
375 576 523 677 tollunt,
554 576 688 658 animis
706 593 744 657 et
755 575 894 656 viribus
905 574 1054 685 aequis:

131 711 225 794 Non
242 714 311 824 ipfi
323 713 417 794 inter
429 712 479 811 se,
522 737 599 793 non
618 708 758 808 nubila,
789 736 867 789 non
886 738 1001 810 mare,
1032 711 1191 805 cedunt:

129 855 284 963 Anceps
294 878 427 963 ¹pugna
446 850 530 932 diu:
559 850 655 930 stant
671 850 809 930 obnixa
823 852 951 945 omnia
971 871 1111 937 contra.
1156 834 1160 841 ⁵

129 990 248 1073 Haud
263 992 368 1073 aliter
381 991 564 1098 Trojanae
581 993 677 1070 acies
690 989 856 1097 aciesque
867 991 1021 1073 Latinae
1101 994 1189 1104 360

129 1134 389 1216 Concurrunt:
421 1133 547 1215 haeret
560 1133 655 1243 pede
670 1160 747 1243 pes,
778 1131 981 1243 densusque
995 1136 1075 1217 viro
1093 1135 1161 1218 vir.

125 1275 183 1352 At
193 1294 296 1384 parte
313 1305 361 1356 ex
381 1273 463 1374 alia,
494 1276 569 1386 qu'a
580 1274 664 1355 saria
681 1274 837 1355 rotantia
853 1272 926 1356 late

124 1411 330 1522 Impulerat
346 1433 500 1510 torrens,
531 1412 752 1520 arbustaque
770 1413 891 1493 diruta
918 1414 1019 1524 ripis,

122 1552 302 1649 Arcadas,
334 1553 493 1634 insuetos
506 1552 600 1632 acies
617 1550 751 1632 inferre
763 1553 959 1662 pedestres,

126 1691 182 1771 Ut
194 1694 287 1774 vidit
298 1694 418 1777 Pallas
429 1694 540 1776 Latio
554 1694 641 1775 dare
653 1711 754 1803 terga
770 1693 915 1803 sequaci
922 1735 936 1792 3
1099 1699 1185 1809 365

124 1833 266 1944 Aspera
278 1837 383 1944 queis
399 1854 529 1918 natura
545 1834 620 1915 loci
640 1834 826 1917 dimittere
836 1837 988 1946 quando
1029 1914 1032 1919 .

125 1972 242 2054 Suafit
254 2002 391 2086 equos,
419 2003 540 2059 unum
554 1973 658 2085 quod
676 1974 786 2056 rebus
805 1976 914 2075 restat
931 1973 1069 2086 egenis,
1189 1984 1194 2030 f

122 2112 166 2195 N
169 2143 242 2198 unc
260 2145 381 2228 prece,
412 2144 514 2199 nunc
529 2116 637 2198 dietis
654 2116 829 2196 virtutem
846 2117 1014 2197 accendit
1030 2116 1186 2199 amaris:

123 2253 216 2359 Qo
232 2255 371 2364 fugitis,
400 2255 514 2338 socii?
545 2283 612 2364 per
628 2282 693 2336 vos
710 2270 748 2336 et
765 2253 874 2335 fortia
884 2255 993 2354 faeta,

124 2394 196 2475 Per
213 2394 318 2477 ducis
328 2397 493 2478 Evandri
506 2409 661 2496 nomen,
689 2395 908 2504 devictaque
924 2395 1034 2496 bella,
1099 2424 1187 2509 370
1262 2461 1264 2467 ι

123 2535 314 2646 Spemque
337 2563 479 2642 meam,
529 2537 665 2648 patriae
686 2562 782 2647 quae
802 2561 903 2617 nunc
923 2535 1021 2618 subit
1039 2533 1187 2617 aemula

306 2677 408 2760 laudi
420 2719 433 2776 3

120 2816 242 2897 Fidite
252 2845 300 2897 ne
315 2818 482 2929 pedibus.
513 2819 611 2901 ferro
623 2817 831 2926 rumpenda
850 2845 916 2928 per
928 2817 1052 2898 hostes

118 2955 186 3036 Est
200 2956 271 3053 via,
300 2986 375 3068 qua
387 2958 520 3066 globus
533 2958 596 3039 ille
609 2959 733 3039 virum
749 2957 977 3039 denfiffimus
994 2972 1120 3066 urget:

118 3097 207 3179 Hac
217 3126 284 3180 vos
302 3117 340 3179 et
351 3099 516 3181 Pallanta
530 3101 669 3181 ducem
683 3100 799 3211 patria
809 3097 883 3180 alta
892 3098 1060 3209 reposcit.
1176 3126 1180 3131 ·

116 3241 291 3322 Numina
301 3240 405 3323 nulla
420 3262 616 3354 premunt:
648 3239 798 3322 mortali
814 3267 992 3347 urgemur
1010 3240 1058 3320 ab
1075 3238 1183 3319 hoste

117 3378 318 3462 Mortales:
338 3381 496 3462 totidem
508 3381 616 3463 nobis
630 3381 853 3487 animaeque
866 3378 1081 3487 manusque.
1093 3380 1189 3505 37⁶,
1367 3496 1372 3507 Ι

115 3516 230 3616 Ecce,
259 3519 370 3599 maris
381 3547 521 3628 magno
538 3519 678 3601 claudit
691 3545 758 3598 nos
771 3518 878 3598 obice
896 3533 1051 3626 pontus:

116 3655 232 3736 Deest
238 3657 320 3765 jam
334 3675 427 3740 terra
438 3657 568 3767 fugae:
581 3659 745 3768 pelagus,
756 3656 975 3764 Trojamne,
984 3657 1179 3765 petemus?

116 3794 224 3876 Haec
241 3796 304 3892 ait,
331 3813 370 3876 et
386 3798 533 3877 medius
551 3796 679 3877 densos
692 3795 904 3906 prorumpit
920 3794 961 3874 in
977 3790 1114 3878 hostes.

116 3932 261 4014 Obvius
278 3931 369 4015 huic
384 3936 567 4044 primum,
595 3936 679 4016 fatis
695 3932 874 4017 adductus
892 3933 1040 4042 iniquis,
1087 3933 1175 4044 380

114 4069 177 4148 Fit
189 4070 333 4179 Lagus:
352 4068 469 4173 hunc,
483 4100 621 4181 magno
634 4070 736 4154 vellit
746 4069 840 4153 dum
855 4071 1018 4183 pondere
1029 4071 1175 4174 saxum,

114 4208 257 4291 intorto
268 4210 349 4321 figit
360 4211 448 4317 telo,
476 4212 687 4296 discrimina
701 4209 809 4293 costis

176 4352 301 4463 Tora.
332 4351 383 4441 II.
751 4346 795 4462 N
1106 4344 1179 4427 Per
