2872 5176
314 432 997 551 -AnnuruosLtuVIIL
1098 460 1194 563 115

121 645 207 745 Me,
238 641 390 754 pulsum
402 640 519 753 patria
538 637 736 748 pelagique
752 655 920 719 extrema
932 638 1163 748 sequentem,

120 785 289 867 Fortuna
306 783 546 892 omnipotens
564 797 602 858 et
616 777 853 859 ineluetabile
869 775 992 859 fatum

122 924 197 1004 His
214 923 366 1033 posuere
381 921 493 1017 locis;
525 915 723 1026 matrisque
738 945 847 1027 egere
863 920 1056 1011 tremenda
1105 948 1157 1033 33
1168 946 1193 1035 5

122 1064 334 1155 Carmentis
351 1057 544 1173 nymphae
556 1060 712 1156 monita,
742 1076 780 1140 et
791 1060 882 1143 deus
899 1065 1027 1143 auctor
1038 1059 1194 1172 Apollo.

123 1205 202 1286 Vix
219 1235 262 1287 ea
281 1207 403 1287 dieta:
435 1201 573 1285 dehinc
586 1200 791 1312 progreffus
802 1202 982 1284 monstrat
994 1222 1032 1284 et
1044 1231 1164 1309 aram,

121 1348 174 1431 Et
193 1344 475 1439 Carmentalem
501 1345 680 1425 Romano
697 1342 852 1424 nomine
873 1360 1042 1453 portam;
1178 1436 1181 1441 Δ

121 1490 254 1589 Quam
275 1503 491 1581 memorant
507 1482 701 1593 nymphae
717 1484 881 1595 priscum
894 1486 1104 1591 Carmentis
1120 1482 1194 1569 ho·-

308 1653 456 1722 norem,

121 1766 228 1847 Vatis
249 1766 443 1863 fatidicae3
476 1763 613 1846 cecinit
625 1790 722 1871 quae
734 1746 856 1873 prima
874 1765 1020 1864 futuros
1103 1796 1189 1881 340

122 1908 317 1989 Aeneadas
339 1934 510 2016 magnos,
541 1924 580 1987 et
597 1903 723 1987 nobile
741 1905 988 1993 Pallanteum.
1177 1996 1181 2003 ,

121 2047 227 2129 Hinc
244 2047 377 2130 lucum
395 2049 601 2157 ingentem,
614 2071 731 2154 quem
746 2046 937 2129 Romulus
953 2076 1036 2129 acer
1047 2046 1192 2158 asylum

57 2266 60 2271 ,
119 2185 294 2284 Rettulit,
328 2204 367 2265 et
384 2185 505 2294 gelida
523 2184 704 2265 monstrat
722 2183 789 2271 sub
804 2214 897 2293 rupe
914 2188 1111 2297 Lupercal,

118 2321 312 2406 Parrhasio
330 2323 477 2402 dietum
495 2323 615 2402 Panos
628 2322 676 2401 de
694 2347 799 2400 more
816 2323 968 2430 Lycaei.

119 2462 284 2545 Necnon
297 2480 334 2543 et
346 2461 437 2543 sacri
458 2462 638 2544 monstrat
649 2490 783 2543 nemus
801 2463 975 2572 Argileti,
1027 2544 1031 2560 ,
1101 2496 1156 2579 34
1161 2497 1186 2581 3

119 2602 369 2712 Testaturque
386 2602 528 2699 locum,
560 2620 598 2683 et
610 2600 758 2682 lethum
771 2602 881 2685 docet
894 2603 1047 2717 hospitis
1061 2608 1169 2719 Argi.

69 2832 74 2839 ,
119 2743 225 2823 Hinc
243 2744 290 2824 ad
303 2743 507 2852 Tarpeiam
523 2742 649 2823 sedern
669 2760 708 2821 et
725 2724 912 2853 Capitolia
931 2746 1052 2846 ducit·
1089 2860 1092 2865 Α
1164 2770 1167 2777 ·

16 2966 19 2973 ,
119 2883 247 2962 Aurea
268 2909 383 2978 nunc,
415 2880 510 2962 olim
525 2879 744 2961 silvestribus
762 2877 912 2967 horrida
929 2882 1067 2966 dumis,
1173 2974 1177 2981 ,

119 3024 208 3130 Jam
225 3041 310 3103 tum
322 3021 466 3133 relligio
477 3023 631 3132 pavidos
643 3022 801 3101 terrebat
818 3022 975 3131 agrestes
1099 3050 1186 3143 349

119 3158 214 3241 Dira
225 3161 321 3260 loci;
347 3163 430 3270 jam
457 3178 542 3241 tum
555 3160 685 3241 filvam
701 3159 907 3270 saxumque
918 3163 1138 3263 tremebant,

120 3301 211 3382 Hoc
228 3330 374 3400 nemus,
387 3299 503 3400 hunc,
525 3301 659 3410 inquit,
678 3299 853 3382 frondoso
872 3303 1008 3395 vertice
1035 3304 1193 3409 collem,¹

118 3444 215 3549 Qis
227 3443 317 3523 deus
331 3442 516 3524 incertum
527 3442 594 3540 est,
603 3440 745 3523 habitat
755 3440 865 3524 deus:
886 3444 1052 3537 Arcades
1063 3446 1189 3556 ipsunt

118 3582 288 3663 Credunt
305 3588 341 3664 se
359 3582 486 3664 vidille
499 3584 651 3689 Jovem,
685 3610 778 3664 cum
788 3585 901 3695 saepe
914 3585 1127 3693 nigrantem
1173 3642 1177 3651 ·

117 3720 265 3828 Aegida
280 3740 496 3805 concuteret
505 3722 647 3819 dextra,
675 3721 898 3832 nimbosque
910 3724 1034 3811 cieret.

118 3858 226 3941 Haec
244 3861 322 3942 duo
334 3882 520 3973 praeterea
537 3862 699 3972 disjectis
711 3863 848 3972 oppida
863 3863 993 3961 muris,
1098 3896 1153 3979 35
1160 3890 1185 3982 3

118 3996 339 4108 Relliquias,
367 4021 612 4113 veterumque
629 4002 733 4085 vides
746 4023 994 4087 monumenta
1006 4005 1185 4111 virorum.

116 4140 232 4221 Hanc
247 4142 363 4247 Janus
384 4160 501 4253 pater,
532 4142 630 4225 hanc
660 4146 836 4226 Saturnus
853 4146 1022 4227 condidit
1040 4176 1164 4259 arcem
1168 4179 1186 4247 ,ε

116 4284 335 4392 Janiculum
354 4285 460 4391 huic,
488 4285 547 4373 illi
565 4288 686 4378 suerat
703 4290 875 4389 Saturnia
894 4319 1048 4381 nomen.
1171 4312 1174 4321 '

695 4486 698 4491 -
730 4433 750 4513 1
781 4459 805 4515 2
1108 4431 1192 4513 Ta-
