2872 5176
339 350 676 443 Aenunos
712 342 963 443 L1n.x.·
1068 351 1165 481 187

95 551 365 662 Pilumnusque
378 549 434 635 illi
450 565 603 659 quernae
619 564 745 657 pater:
775 564 815 629 et
826 564 893 629 tua
909 549 1011 661 larga

97 701 211 808 saepe
228 719 361 790 manu,
387 686 593 799 multisque
604 685 1048 783 onemvitliminadonie.
1077 700 1167 791 620

96 836 171 918 (mi
190 861 259 915 rex
272 829 434 914 aetherei
447 828 665 911 breviterfic
679 825 780 909 fatur
792 826 975 942 Olympi:

93 979 132 1059 si
148 1003 257 1058 mom·
267 970 463 1085 praesentis
475 967 569 1051 lethi
580 970 807 1080 tempusque
822 968 969 1057 caduco

96 1121 236 1200 Oratur
250 1115 392 1225 juveni,
420 1139 563 1223 meque
579 1109 655 1194 hoc
669 1112 720 1192 ita
737 1118 875 1221 ponem
886 1113 1015 1218 sentim

97 1259 213 1343 Tolle
229 1259 319 1369 fuga
334 1261 529 1360 Turnum,
561 1272 674 1367 atque
686 1253 905 1338 instantibus
915 1259 1016 1373 eripe
1027 1261 1126 1352 fam.

96 1404 292 1486 Hactenus
309 1397 494 1483 indulliss'e
510 1415 628 1478 vacat.
660 1398 715 1477 fin
735 1396 844 1479 altior
861 1399 939 1485 istis
1078 1411 1135 1494 ⁶2
1142 1426 1168 1523 ς

100 1540 179 1621 Sub
189 1537 360 1650 precibus
377 1537 486 1616 venia
502 1533 580 1614 ulla
593 1534 694 1634 latet,
726 1552 928 1646 totumque
943 1546 1089 1628 moveri

99 1676 289 1759 Mutarive
309 1691 416 1785 putas
430 1669 590 1770 bellmn,
618 1672 698 1781 spes
716 1672 831 1782 palcis
846 1674 986 1764 inanes.
1161 1700 1165 1707 ·

98 1813 174 1894 Cui
188 1814 291 1920 juno
304 1810 562 1919 illacrymans:
594 1807 743 1917 quidfi,
777 1808 881 1918 quod
893 1836 987 1896 voce
1000 1816 1172 1924 gravaris,

98 1954 236 2037 Mente
248 1952 378 2050 dares3
406 1968 520 2060 atque
531 1946 624 2032 inec
633 1951 769 2031 Turno
780 1967 859 2032 rata
871 1952 946 2034 vita
956 1964 1152 2044 maneret?

99 2095 142 2175 N
144 2121 219 2176 unc
234 2108 363 2173 manet
374 2091 559 2172 insontem
576 2090 696 2199 gravis
709 2089 850 2188 exitum
893 2112 958 2176 aut
974 2123 1048 2205 ego
1064 2099 1143 2183 veri
1160 2142 1164 2151 ·

104 2235 213 2314 Vana
231 2233 344 2315 feror.
376 2232 480 2339 quod
497 2250 540 2311 ut
556 2231 716 2340 opotins
734 2229 938 2314 formidim
954 2233 1044 2317 falsa
1082 2246 1168 2352 ὀμ·

103 2373 244 2469 Ludat,
275 2387 314 2451 et
330 2370 370 2449 in
384 2369 520 2452 melius
534 2388 610 2467 tua,
639 2371 705 2479 qui
718 2386 834 2479 potes,
863 2371 945 2453 orm
955 2372 1144 2461 refleela!

164 2508 471 2608 Haecubidieia
485 2509 600 2607 dedit,
630 2508 738 2591 coelo
751 2507 967 2619 seprotinus
977 2512 1056 2596 alto

104 2653 224 2753 Misn,
252 2679 365 2763 agens
382 2651 565 2749 hiemem,
594 2651 728 2732 nimbo
741 2650 940 2754 summm,
958 2684 1026 2767 per
1042 2685 1173 2747 ausast

104 2793 334 2901 Iliacamque
350 2791 472 2873 aciem
491 2811 529 2873 et
543 2792 743 2872 Laurentia
761 2791 877 2872 castra
893 2795 1035 2902 petivit.
1082 2805 1137 2912 63
1147 2828 1172 2914 ς

103 2932 213 3013 Tum
224 2930 294 3011 dea
311 2930 412 3009 nube
423 2956 513 3010 cava
526 2947 678 3009 tenuem
697 2928 772 3008 line
789 2929 928 3011 viribus
946 2934 1126 3021 umbmm
1156 2951 1163 2961 ’

103 3074 151 3152 ln
169 3071 306 3152 faciem
324 3073 489 3172 Aeneae,
518 3069 597 3151 visu
615 3067 788 3151 mirabile
808 3070 1036 3176 monstrum,

104 3211 303 3292 Dardaniis
324 3226 432 3290 ornat
449 3208 531 3289 telis
540 3249 552 3307 3
584 3209 837 3319 clypeumque
845 3210 1030 3322 jubasque

103 3348 236 3430 Divini
248 3346 433 3429 affimulat
450 3348 602 3458 capitis:
630 3349 696 3428 dat
711 3350 835 3430 inania
851 3351 991 3450 verba;

104 3486 270 3569 Datsme
289 3505 416 3566 mente
428 3486 576 3585 sonum,
608 3486 1122 3597 greffusqueeffingiteuntis.

103 3626 235 3709 Morte
248 3625 349 3706 obita
359 3622 667 3733 qnalesfamaest
678 3624 830 3707 volitare
841 3627 991 3735 figurae,
1085 3632 1169 3737 641

104 3770 185 3848 Aut
202 3794 300 3877 quae
313 3765 450 3877 sopitos
466 3765 649 3849 deludunt
667 3768 811 3849 somnia
823 3768 957 3852 sensus.

104 3908 160 3986 At
173 3906 312 4015 prinas
331 3904 523 3987 laetamte
536 3906 633 3988 acies
643 3906 799 3989 exsultat
813 3909 955 4018 imago,

102 4044 302 4157 irritatque
320 4047 444 4128 virum
460 4047 555 4147 telis,
587 4068 625 4132 et
641 4078 734 4131 voce
752 4049 902 4138 laoeffie

105 4184 221 4273 Instat
240 4188 304 4273 cui
321 4188 490 4294 Turnus,
522 4188 814 4306 staidememque
830 4193 979 4278 eemnm
994 4186 1144 4279 hastam

1068 4335 1175 4417 Con·
