2872 5176
343 372 444 465 114
527 340 1206 439 P.V1ncrn11Mnnors1s
1268 452 1272 463 Ι

337 548 393 631 Et
407 542 591 627 comitem
610 546 767 627 Aenean
778 544 887 652 juxta
905 561 1113 654 natumque
1130 544 1280 628 tenebat

337 686 567 796 Ingrediens,
594 687 771 797 varioque
789 687 891 767 viam
900 687 1071 771 sermone
1091 686 1249 771 levabat.

338 829 516 925 Miratur,
546 826 744 940 facilesque
762 828 892 911 oculos
908 829 982 911 fert
998 827 1128 911 omnia
1141 830 1288 913 circum
1319 860 1409 945 310

340 971 501 1065 Aeneas,
539 968 757 1081 capiturque
768 968 881 1068 locis;
912 987 951 1053 ct
970 970 1112 1081 singula
1129 970 1245 1053 laetus

339 1107 592 1216 Exquiritque
609 1109 786 1219 auditque
805 1111 931 1191 virum
945 1118 1194 1195 monumenta
1210 1112 1395 1222 priorum·

402 1250 590 1331 Turnrcx
603 1252 811 1349 Evandrus,
840 1252 1037 1333 Romanae
1050 1253 1220 1335 conditor
1237 1256 1350 1336 arcis:

341 1390 452 1473 Haec
469 1416 626 1470 nemora
650 1390 845 1501 indigenae
870 1394 991 1473 Fauni
1009 1391 1277 1505 nymphaeque
1305 1412 1412 1476 tene·

525 1530 630 1627 bant,

341 1670 522 1780 Gensque
538 1672 663 1753 virum
675 1672 827 1770 truncis,
859 1690 897 1753 et
913 1674 1010 1754 duro
1028 1674 1162 1757 robore
1180 1693 1286 1773 nata3
1322 1700 1409 1786 315

339 1814 461 1935 Queis
485 1841 608 1923 neque
635 1840 722 1899 mos
739 1840 861 1924 neque
878 1814 999 1897 cultus
1016 1834 1115 1915 erat,
1161 1843 1232 1899 nec
1254 1818 1413 1925 jungere

527 1970 663 2061 tauros,

344 2098 427 2179 Aut
445 2124 673 2209 componere
690 2126 781 2210 opes
792 2116 937 2198 norant,
969 2115 1033 2181 aut
1048 2124 1196 2211 parcere
1214 2115 1318 2210 parto
1327 2136 1342 2197 ς

343 2240 418 2323 sed
432 2240 540 2341 rami,
568 2258 683 2353 atque
695 2243 798 2352 asper
811 2242 914 2323 vido
932 2261 1085 2323 venatus
1095 2240 1228 2324 alebae

342 2382 495 2465 Primus
506 2383 555 2463 ab
571 2382 736 2465 aetherio
759 2384 862 2464 venit
881 2386 1056 2465 Saturnus
1075 2382 1247 2491 olympo,

343 2522 584 2629 ArmaJovis
599 2522 759 2633 fugiens,
792 2542 832 2603 et
845 2523 966 2632 regnis
979 2522 1068 2605 exul
1087 2524 1258 2604 ademtis.
1325 2549 1411 2634 320

344 2664 384 2744 Is
401 2690 517 2770 genus
529 2662 703 2762 indocile,
734 2692 779 2745 ac
796 2664 999 2775 dispersum
1014 2664 1206 2745 montibus
1223 2665 1304 2745 altis

342 2802 581 2913 Composuit,
612 2802 784 2916 legesque
805 2805 920 2904 dedit,
965 2805 1195 2913 Latiumque
1214 2803 1337 2887 vocari

344 2944 499 3044 Maluit,
534 2944 594 3026 his
613 2947 796 3056 quoniam
814 2945 971 3026 latuisset
983 2964 1083 3025 tutus
1101 2946 1139 3026 in
1160 2945 1244 3026 oris.

344 3089 473 3167 Aurea
484 3113 581 3195 quae
594 3084 802 3194 perhibent,
827 3086 892 3167 illo
906 3086 972 3166 sub
983 3114 1068 3194 rege
1082 3086 1233 3167 fuerunt

341 3224 518 3311 Saecula:
551 3223 601 3303 fic
616 3224 762 3334 placida
775 3227 936 3336 populos
947 3229 986 3305 in
1005 3254 1095 3335 pace
1111 3229 1280 3335 regebat:
1323 3253 1412 3341 325

343 3365 519 3449 Deterior
536 3364 656 3445 donec
669 3364 876 3475 paullatim,
895 3394 939 3446 ac
957 3364 1108 3445 decolor
1120 3384 1230 3465 aetas,

342 3506 397 3586 Et
413 3502 642 3601 bellirabies,
673 3524 712 3584 et
723 3533 830 3585 amor
841 3504 1006 3586 succeffit
1023 3504 1198 3589 habendi.

341 3648 456 3728 Tum
473 3672 606 3725 manus
620 3644 798 3742 Ausonia,
830 3665 868 3727 et
882 3668 1008 3756 gentes
1026 3676 1158 3727 venere
1178 3648 1329 3729 Sicanae
1338 3689 1350 3746 ;

342 3787 496 3896 Saepius
521 3803 558 3865 et
574 3812 717 3866 nomen
733 3784 855 3896 posuit
878 3788 1045 3867 Saturnia
1066 3783 1188 3868 tellus,

342 3930 581 4037 Tumreges,
613 3926 790 4036 asperque
809 3930 967 4009 immani
987 3957 1141 4038 corpore
1157 3928 1309 4035 Tybris,
1324 3957 1411 4039 33⁰

341 4074 381 4152 A
400 4098 478 4180 quo
497 4068 580 4177 post
594 4068 678 4147 Itali
696 4068 857 4149 fluvium
874 4068 1101 4177 cognomine
1117 4066 1284 4176 Tybrim

342 4213 543 4296 Diximus:
574 4210 698 4295 amisit
713 4229 962 4296 verumvetus
976 4210 1117 4296 Albula
1138 4238 1290 4295 nomen.

1329 4342 1415 4439 Me,
