2872 5176
340 378 685 470 Aruernos
724 366 841 461 Lra.
876 366 935 462 X
1053 365 1151 480 189

91 583 196 693 Qid
210 608 342 664 manus
356 576 420 657 illa
429 573 566 667 virum,
574 569 641 679 qui
655 597 719 649 me
730 596 890 676 meaque
902 599 1007 653 arma
1017 567 1157 653 secuti?

90 722 282 831 Qosque,
297 715 411 810 nefas,
429 736 561 792 omnes
578 707 730 788 infanda
746 706 786 786 in
800 727 920 791 morte
936 710 1096 821 reliqui?

90 867 144 946 Et
158 888 261 945 nunc
277 858 440 969 palantes
457 852 577 947 video,
620 849 881 958 gemitumque
893 854 1096 937 cadentum

93 1002 267 1110 Accipio.
285 997 376 1107 quid
387 998 520 1103 agam?
540 1008 605 1072 aut
617 990 803 1100 quaejam
813 991 892 1070 satis
904 992 983 1076 ima
995 995 1160 1084 dehiscat

92 1146 213 1223 Terra
230 1137 351 1219 mihi?
382 1161 447 1216 vos
465 1165 490 1216 o
510 1131 633 1243 potius
648 1130 877 1229 miserescite,
899 1135 1019 1220 venti:
1067 1143 1157 1256 676

92 1285 138 1364 In
159 1309 282 1394 rupes,
314 1280 354 1358 in
372 1276 468 1374 saxa,
499 1274 626 1355 volens
643 1300 709 1353 vos
726 1273 881 1353 Turnus
896 1273 1023 1375 adoro,

94 1426 204 1505 Ferte
220 1440 353 1516 ratem,
385 1417 567 1524 saevisque
585 1414 686 1495 vadis
702 1413 893 1496 immittite
905 1419 1039 1526 Syrtis;
1151 1494 1154 1499 .

94 1569 185 1665 Quo
196 1589 319 1670 neque
333 1586 397 1638 me
411 1555 559 1652 Rutuli,
573 1582 695 1663 neque
707 1556 962 1639 consciafama
974 1529 1158 1672 sequatur.

95 1704 204 1784 Haec
223 1723 449 1795 memorans,
498 1693 628 1774 animo
655 1719 756 1773 nunc
772 1691 851 1775 huc
881 1725 984 1779 nunc
1005 1700 1161 1785 fludtuat

284 1835 401 1932 illuc3
1072 1843 1161 1926 680

97 1982 163 2064 An
180 1978 252 2061 sese
271 2002 453 2058 mucrone
470 1973 521 2055 ob
532 1990 680 2057 tantum
695 1972 854 2056 dedecus
872 2004 1000 2062 amens

95 2120 244 2217 Induat,
276 2132 314 2196 et
329 2114 492 2196 crudum
506 2142 571 2225 per
590 2111 707 2194 costas
723 2113 846 2224 exigat
865 2117 1010 2200 ensem:

97 2257 294 2339 fluetibus
307 2254 640 2363 anjaciatmediis,
669 2269 708 2334 et
724 2250 830 2333 litora
842 2255 967 2336 nando

101 2401 227 2479 Curva
240 2413 353 2507 petat,
368 2396 639 2502 Teucrumque
657 2393 792 2473 iterum
804 2392 840 2474 se
852 2396 981 2477 reddat
991 2395 1031 2477 in
1047 2424 1163 2482 arma.

101 2539 183 2619 Ter
196 2554 349 2618 conatus
363 2558 560 2642 utramque
572 2533 692 2613 viam:
714 2551 769 2613 ter
782 2536 950 2619 maxima
962 2539 1129 2645 Jun068
1136 2570 1160 2652 ς

99 2664 596 2781 Continuit,'juvenemque,
626 2673 754 2753 animo
772 2673 951 2776 miserata,
987 2679 1162 2789 repressit.

101 2818 258 2898 Labitur
275 2815 348 2896 alta
365 2815 487 2896 secans
505 2814 696 2923 flusbrque
712 2814 888 2925 aestuque
906 2817 1084 2905 secundo:

102 2959 161 3039 Et
172 2955 283 3068 patris
302 2955 496 3064 antiquam
512 2954 640 3036 Dauni
657 2953 821 3036 defertur
837 2957 884 3036 ad
901 2959 1048 3043 urbem.

164 3098 220 3175 At
238 3094 341 3202 jovis
362 3094 499 3175 interea
514 3091 667 3172 monitis
677 3092 892 3175 Mezentius
909 3097 1040 3180 ardena

104 3234 275 3317 Succedit
287 3262 447 3344 pugnae,
475 3232 715 3340 Teucrosque
728 3232 867 3315 invadit
882 3255 1045 3320 ovantes.
1077 3239 1165 3348 690

22 3445 25 3451 .
103 3379 344 3458 Concurrunt
360 3374 581 3484 Tyrrhenae
593 3374 701 3469 acies,
732 3391 844 3483 atque
862 3378 1038 3462 omnibus
1056 3380 1137 3485 uni,

104 3516 185 3596 Uni
202 3492 463 3623 odiisque'viro
484 3514 637 3624 telisque
656 3512 911 3622 frequentibus
927 3518 1075 3608 instant.

107 3657 189 3757 lile,
222 3655 323 3737 velut
343 3682 464 3765 rupes,
495 3654 642 3735 vastum
662 3682 758 3763 quae
774 3656 899 3764 prodit
914 3659 954 3740 in
971 3688 1124 3772 aequor,

107 3798 231 3877 Obvia
248 3814 447 3878 ventorum
466 3795 583 3894 furiis,
614 3794 840 3907 expostaque
857 3818 987 3910 ponto,

105 3938 200 4020 Vim
226 3942 414 4034 cunctam,
453 3955 563 4048 atque
588 3936 708 4019 minas
732 3938 870 4049 perfert
892 3940 1063 4053 coelique
1085 3968 1170 4025 ma-

290 4080 435 4188 risque;
1081 4088 1139 4194 69
1145 4111 1171 4199 5
1255 4158 1257 4163 ⁴

109 4220 191 4336 Ipsa
208 4219 367 4305 immota
379 4237 549 4321 manem*
575 4217 723 4332 prolem
736 4220 952 4343 Doiicaonis
961 4221 1143 4345 Hebrum

1037 4361 1174 4449 sternit
