2872 5176
285 369 389 491 Ιι44
462 335 514 433 Ρ.
549 336 826 432 Vruorarr
862 332 1146 447 Mauortrs

280 538 356 623 Et
340 564 522 649 juvenem
539 538 752 640 Serranum,
782 534 848 619 illa
865 564 934 648 qur
921 537 1116 649 plurima
1135 545 1249 632 noste
1269 576 1328 664 33
1335 576 1367 667 5

279 678 448 778 Luserat,
475 677 627 786 insignis
643 675 752 775 faeie,
783 674 982 787 multoque
990 679 1139 787 jaoebat

277 818 463 901 Membra
474 818 547 900 deo
556 817 697 900 vrdtus
727 815 835 914 felix,
866 816 894 898 fi
905 816 1075 929 protinus
1084 819 1200 907 illum

277 957 481 1070 Aequall‘et
489 958 593 1041 noth
605 958 797 1057 ludum,
785 986 827 1039 m
839 956 1041 1071 lucemque
1054 961 1202 1051 udisset.

276 1092 462 1214 impaslus
480 1129 550 1185 ceu
567 1100 678 1212 plena
694 1101 756 1183 leo
775 1127 843 1211 per
855 1100 967 1183 ovilia
981 1101 1148 1209 turbans,

274 1245 414 1328 Suadet
424 1273 529 1326 emm
541 1242 672 1325 vesana
681 1243 800 1326 sames
802 1243 1047 1355 ,manditque
1059 1247 1250 1362 trahitque
1262 1279 1358 1367 340

271 1358 399 1470 Molle
412 1414 527 1499 pocus
544 1401 771 1494 mutumque
786 1399 918 1461 metu.
948 1385 1079 1463 fremit
1094 1414 1160 1468 ore
1176 1405 1358 1475 cruento·

271 1523 360 1607 Nec
372 1523 667 1627 minorEuryali
677 1519 828 1601 caedes:
860 1515 1029 1599 incensus
1046 1536 1084 1601 et
1103 1504 1182 1635 ipse
1341 1602 1345 1609 .

272 1660 450 1759 Persurit,
477 1685 522 1740 ac
534 1655 720 1737 multam
710 1685 750 1738 m
767 1654 896 1738 medio
914 1655 991 1738 fine
1003 1660 1159 1745 nornine
1178 1660 1353 1779 plebem,

270 1799 511 1917 Fadumque,
543 1792 814 1903 Hebesumque
839 1790 948 1892 subit,
980 1792 1268 1913 Rhoetumque,
1286 1806 1353 1887 A.

454 1935 665 2049 harimque,

269 2078 435 2200 Ignaros,
447 2073 658 2175 Rhoetum,
672 2071 890 2185 vigilantem
907 2090 946 2157 et
962 2080 1098 2160 cunda
1108 2079 1331 2197 videntem,

267 2219 342 2303 Sed
353 2245 538 2329 magnum
555 2233 739 2315 metuens,
766 2216 804 2298 se
814 2213 897 2327 post
908 2235 1046 2303 cratera
1062 2221 1229 2332 tegebat:
1250 2229 1341 2339 346Ι

267 2358 423 2439 Pedtore
440 2359 481 2439 in
499 2356 649 2439 adverso
666 2372 792 2438 totum
810 2355 873 2439 cui
891 2358 1066 2442 cominus
1079 2360 1206 2444 ensem

266 2496 449 2578 Condidit
463 2494 673 2605 assurgenti,
702 2511 741 2577 et
757 2495 879 2577 multa
889 2513 1011 2580 morte
1029 2501 1181 2612 recepit.
1335 2472 1339 2477 .

266 2641 502 2751 Purpuream
518 2637 640 2721 vomit
654 2635 718 2719 ille
736 2635 918 2735 animam,
956 2658 995 2722 et
1029 2668 1122 2753 curu
1159 2638 1342 2755 sanguine

448 2776 560 2865 miste

262 2921 364 3023 ¹Vina
384 2919 496 3002 refert
507 2919 683 3004 moriens.
713 2917 779 3001 hic
796 2918 897 3002 furto
915 2917 1080 3004 fervidus
1099 2920 1221 3005 instat.
1244 2951 1266 3045 3
1276 2951 1335 3034 50

263 3062 427 3171 Jamque
445 3063 493 3142 ad
513 3061 674 3172 Messapi
693 3061 810 3144 socios
828 3062 1014 3167 tendebat,
1047 3063 1113 3147 ubi
1134 3066 1262 3175 ignem

261 3200 434 3284 Deficere
452 3220 680 3302 extremum,
711 3220 749 3284 et
768 3202 939 3311 religatos
959 3205 1027 3285 rite
1042 3205 1192 3286 videbat

260 3339 422 3448 Carpere
432 3368 589 3449 gramen
601 3369 737 3453 equos:
769 3341 927 3423 breviter
944 3370 1036 3424 cum
1052 3341 1140 3424 talia
1150 3342 1280 3441 Nisus,

261 3476 378 3556 Sensrt
395 3480 497 3556 enim
518 3480 637 3555 nimia
652 3481 765 3553 caede
783 3495 896 3583 atque
913 3482 1089 3585 cupidine
1106 3478 1208 3577 terri,

259 3586 505 3713 llbsrstamus,
519 3615 588 3697 ait:
621 3641 711 3693 nam
722 3609 814 3693 lux
802 3639 957 3692 mrmrca
967 3614 1204 3724 propinquat
1239 3642 1261 3726 3
1273 3644 1295 3725 3
1302 3644 1330 3728 5

258 3759 472 3840 Poenarum
485 3754 710 3837 exhaustum
722 3753 804 3836 satis
817 3754 897 3836 est:
929 3756 987 3835 via
1000 3754 1098 3837 fasta
1111 3785 1177 3866 per
1191 3752 1330 3844 hostes.

256 3860 436 3977 Multa
402 3922 527 3977 vrrum
540 3892 656 3974 solido
676 3911 828 4004 argento
841 3894 1002 4006 persedta
1015 3895 1232 4003 relinquunt

257 4039 466 4146 Armaque,
498 4035 724 4145 craterasque
738 4035 862 4135 smul,
901 4035 1150 4147 pulchrosque
1172 4055 1328 4149 tapetas.

256 4176 441 4288 Euryalus
459 4176 626 4288 phaleras
641 4175 876 4283 Rhamnetis,
908 4196 945 4261 et
964 4206 1072 4264 aurea
1085 4177 1197 4261 bullis
1270 4271 1272 4275 ,

1148 4319 1326 4431 Cingula,
