2872 5176
365 305 690 400 Atuatoos.
726 293 838 390 Lm.
863 290 949 407 w,
1135 315 1217 431 37-

90 492 93 497 ’
120 527 213 623 Quo
231 514 298 603 lati
315 516 462 601 ducunt
478 512 602 596 aditus
629 526 803 633 centum,
821 506 915 593 ostia
931 522 1086 595 centron
1102 512 1125 589 ι’

120 662 235 749 Unde
258 676 374 744 ruunt
397 656 560 740 totidem
577 679 701 754 vocer,
722 648 893 765 responsa
915 647 1088 760 Sibyllae.

120 802 295 886 Ventum
304 815 384 882 erat
405 799 453 879 ad
474 797 608 894 limen,
624 821 718 877 curn
741 792 863 903 virgo,
878 789 1028 904 poscere
1046 786 1121 871 fata
1140 815 1167 900 4
1173 813 1199 902 ς

121 945 296 1055 Tempus
311 940 390 1023 ait:
421 938 526 1044 deus,
545 963 646 1039 ecce,
664 934 769 1017 deus.
786 933 853 1014 cui
866 931 954 1014 talia
965 929 1059 1014 fanti

28 1064 33 1073 ⁵
121 1089 226 1170 Ante
242 1083 340 1167 sores
362 1081 483 1165 subito
500 1109 578 1162 non
596 1078 735 1178 vultus,
754 1104 833 1159 non
852 1075 957 1159 color
971 1101 1081 1173 unus,

123 1228 220 1344 Non
234 1242 409 1336 comptae
422 1223 588 1306 mansere
602 1249 761 1306 comaer
786 1218 850 1302 sed
863 1214 1206 1331 pestunanhelum,⁸

128 1370 182 1453 Et
199 1367 301 1452 rabie
319 1363 399 1447 fera
418 1366 532 1449 corda
547 1382 718 1464 tument3
739 1364 935 1473 majorque
957 1359 1096 1458 videri,
1182 1351 1193 1474 J

125 1510 215 1595 Nec
231 1507 391 1595 mortale
409 1508 552 1606 sonans,
576 1508 699 1591 afflata
717 1505 771 1588 est
783 1506 941 1587 numine
959 1503 1112 1615 quando
1149 1525 1205 1614 50

129 1654 220 1763 Jam
236 1651 409 1764 propiore
421 1650 497 1763 dei.
526 1650 644 1732 cessas
654 1651 694 1733 in
711 1667 797 1730 uota
809 1616 1032 1759 precesdne,

130 1813 242 1916 Tros,
263 1813 326 1911 ait,
341 1817 495 1899 Aenea?
513 1810 646 1900 cessas?
665 1813 907 1924 nequeenim
918 1827 1003 1892 ante
1021 1804 1211 1890 dehiscent

129 1954 323 2036 Attonitae
340 1982 479 2064 magna
492 1983 561 2037 ora
578 1956 728 2038 domus.
760 1971 798 2037 ‘et
818 1953 904 2036 talia
918 1951 994 2033 fata
1031 1922 1037 1937 ¹

133 2095 340 2179 Conticuit.
359 2097 503 2205 gelidus
524 2099 685 2180 Teucris
708 2097 879 2206 perdura
902 2094 1066 2175 cucurrit
1180 2124 1184 2130 ·

133 2235 223 2318 offa
239 2253 409 2334 tremor3
431 2235 632 2346 funditque
647 2263 774 2347 preces
790 2263 858 2315 rex
877 2237 1026 2342 pestore
1041 2229 1088 2312 ab
1107 2229 1188 2310 imo
1199 2252 1221 2307 ε.

135 2375 306 2477 Phoebe,
324 2403 451 2488 graves
469 2378 608 2486 Trojae
629 2377 774 2488 semper
791 2374 961 2459 miserate
980 2373 1137 2475 labores,
1156 2352 1224 2485 56¹¹

136 2518 316 2601 Dardana
332 2519 400 2629 qui
414 2518 556 2601 Paridis
571 2519 705 2602 direxti
732 2520 805 2603 tela
824 2518 1032 2630 manusque

138 2660 287 2772 Corpus
306 2662 346 2742 in
363 2659 548 2744 Aeacidae
562 2700 574 2760 ς
602 2689 758 2772 magnas
775 2660 950 2743 obeuntia
965 2679 1078 2743 terras
1127 2630 1131 2641 '

137 2802 220 2883 Tot
243 2802 362 2883 maria
379 2800 511 2884 intravi
536 2804 632 2884 duce
651 2821 701 2901 te,
716 2801 936 2913 penitusque
953 2774 1115 2911 repostas

138 2943 348 3054 Massylum
368 2964 508 3053 gentes,
522 2963 784 3057 praetentaque
797 2943 964 3050 Syrtibus
979 2969 1077 3023 arva.
1159 2945 1216 3026 60

138 3087 229 3191 Jam
245 3084 400 3166 tandem
418 3084 545 3168 Italiae
565 3086 741 3196 sugientis
755 3084 975 3195 prendimus
992 3109 1086 3168 oras.
1181 3074 1184 3079 ’

142 3225 230 3309 Hac
243 3226 284 3306 T
284 3226 410 3334 rojana
427 3241 536 3306 tenus
557 3225 669 3307 fuerit
688 3224 837 3307 fortuna
856 3227 990 3308 secuta.

140 3366 224 3448 Vos
241 3394 396 3477 quoque
413 3367 637 3475 Pergameae
649 3368 732 3475 jam
744 3368 800 3451 fas
816 3368 871 3450 est
882 3396 1031 3479 parcere
1043 3366 1158 3476 genti,

86 3501 99 3516 ’
145 3507 277 3617 Dique
288 3506 454 3616 deaeque
463 3534 608 3606 omnes,
617 3508 755 3617 quibus
765 3507 1083 3606 obstititIlium,et
1094 3500 1224 3615 ingens

146 3646 281 3730 Gloria
295 3647 522 3733 Dardaniae.
552 3666 710 3757 tuqueo
734 3649 955 3732 santriffima
974 3668 1086 3745 vates,
1166 3643 1190 3720 6
1198 3674 1222 3759 5

150 3789 320 3894 Praescia
337 3791 497 3889 venturi,
513 3790 573 3888 da,
589 3818 667 3872 non
687 3788 852 3873 indebita
866 3793 980 3903 posco

151 3930 287 4039 Regna
300 3930 396 4012 meis
413 3929 511 4031 fatis,
543 3933 654 4013 Latio
668 3934 857 4016 confidere
877 3934 1060 4032 Teucros,
1110 3898 1115 3935 ⁶

150 4071 398 4183 Errantesque
419 4071 523 4171 deos,
540 4075 751 4185 agitataque
768 4076 925 4161 numina
941 4076 1092 4180 Trojae.

154 4211 265 4331 [Tum
272 4210 431 4301 Phoebo
445 4230 486 4298 et
505 4214 656 4331 Triviae
674 4212 792 4301 solido
806 4216 853 4299 de
871 4241 1061 4299 marmore
1074 4207 1216 4318 templa

621 4355 686 4442 .D
718 4382 741 4470 3
894 4418 898 4427 .
1029 4330 1239 4450 instituam,
