2872 5176
243 360 305 459 28
449 358 795 467 P.V1aerrrr
831 352 1110 448 Mannum
1220 429 1224 448 .

245 563 530 676 Implenturque
551 557 658 670 super
676 583 820 671 puppes
825 597 839 656 3
870 553 1030 640 semusta
1046 535 1265 637 madesctmt

243 705 424 789 Robora:
451 698 778 793 restindturdonec
792 724 907 807 vapor
919 694 1056 795 omnis,
1083 712 1123 778 et
1138 720 1288 794 omnes,

246 849 419 946 Quatuor
436 839 586 939 amissis,
616 839 814 931 servatama
831 835 1099 949 pesteoerinae.
1352 918 1355 923 ,

92 1043 94 1047 ,
247 987 305 1066 At
323 1002 424 1097 pater
439 987 596 1081 Aeneas,
626 980 713 1063 casu
732 977 928 1064 concuffus
943 976 1092 1077 acerbo,
1225 1003 1319 1090 700

247 1126 366 1209 Nunc
379 1124 470 1225 huc,
501 1122 668 1232 ingentes
686 1148 788 1203 nunc
802 1119 891 1199 illuc
910 1121 1059 1228 pedtore
1072 1145 1180 1200 curas

247 1265 445 1349 Mutabat:
477 1262 633 1360 versans,
663 1260 839 1342 Siculisne
859 1257 1030 1339 resideret
1041 1257 1136 1343 arvis
1311 1302 1316 1312 ·

156 1448 159 1456 ·
251 1406 403 1487 Oblitus
413 1404 591 1500 fatorum,
622 1402 776 1485 Italasne
792 1399 990 1510 capesseret
1008 1427 1102 1484 oras.
1222 1440 1224 1442 v

251 1546 363 1626 Tum
374 1543 493 1625 senior
509 1544 667 1640 Nautea,
699 1571 820 1625 unum
833 1541 1004 1622 Tritonia
1017 1539 1137 1623 Pallas

253 1686 384 1791 Qem
398 1684 537 1782 docuit,
550 1683 744 1793 multaque
758 1682 940 1792 insignem
953 1678 1199 1763 reddiditarte
1205 1702 1291 1789 ⁵7⁰
1297 1702 1324 1786 5

255 1823 364 1907 Haec
381 1823 550 1934 responsa
567 1823 691 1921 dabat,
721 1822 782 1904 vel
792 1849 886 1930 quae
899 1821 1134 1932 portenderet
1149 1817 1203 1899 ira

256 1959 402 2069 Magna
413 1961 542 2058 deum,
571 1959 627 2041 vel
648 1960 918 2069 quaefatorum
936 1960 1101 2071 posceret
1113 1955 1219 2040 ordo.

257 2097 369 2207 Isque
387 2097 446 2181 his
462 2100 618 2184 Aenean
630 2098 763 2182 solatus
779 2099 933 2181 vocibus
951 2099 1058 2182 infit:

76 2336 80 2343 Α
258 2241 360 2322 Nate
371 2239 452 2340 dea,
469 2267 548 2349 quo
561 2238 637 2321 fata
653 2238 807 2321 trahunt
820 2239 1099 2350 retrahuntque,
1114 2240 1326 2349 sequamur,

258 2378 454 2488 Quicquid
466 2380 556 2462 erit:
575 2379 777 2488 superanda
789 2383 914 2462 omnis
926 2375 1077 2463 fortuna
1089 2377 1245 2461 ferendo
1257 2377 1327 2470 cib

260 2516 330 2599 Est
349 2516 417 2597 tibi
437 2517 647 2598 Dardanius
666 2517 813 2600 divinae
829 2519 949 2632 stirpis
966 2519 1141 2602 Acestes:
1235 2546 1320 2632 711

262 2656 381 2738 Hunc
396 2681 487 2764 cape
503 2655 663 2735 consiliis
683 2656 840 2754 socium,
870 2677 910 2738 ct
925 2661 1109 2768 conjunge
1123 2655 1327 2739 volentem.

259 2795 370 2883 Huic
388 2796 504 2895 trade,
533 2795 671 2877 amiffis
689 2797 859 2907 superant
873 2800 940 2908 qui
956 2801 1124 2902 navibus,
1146 2816 1183 2880 et
1201 2824 1298 2913 quos

262 2934 476 3028 Pertaesum
494 2936 624 3044 magni
640 2935 778 3049 incepti
797 2966 998 3050 rerumque
1018 2957 1167 3021 tuarum
1184 2939 1267 3038 est;

260 3074 554 3182 Longaevosque
571 3073 671 3156 senes
688 3102 732 3154 ac
745 3075 848 3157 fessas
863 3105 1023 3187 aequore
1038 3098 1202 3176 matrem
1235 3109 1288 3194 7¹
1302 3110 1329 3187 ς

264 3211 318 3297 Et
336 3211 518 3321 quicquid
546 3229 672 3295 tecum
699 3213 916 3312 invalidum,
963 3219 1206 3326 metuensque
1229 3218 1335 3328 peri·

449 3350 499 3430 cli
517 3350 584 3450 est,

266 3489 422 3597 Delige:
454 3506 504 3589 et,
530 3487 589 3573 his
602 3491 763 3575 habeant
780 3496 895 3595 terris,
915 3496 1013 3595 sme,
1032 3501 1182 3577 moenia
1198 3495 1293 3577 feffi.
1310 3526 1332 3547 -·

268 3631 416 3712 Urbem
429 3630 669 3741 appellabunt
681 3635 854 3742 permisso
869 3639 1022 3718 nomine
1040 3637 1230 3720 Acestam.

267 3769 427 3852 Talibus
441 3771 608 3854 incensus
626 3775 734 3856 dietis
754 3773 903 3857 senioris
913 3776 1050 3859 amici:

268 3910 379 3990 Tum
397 3940 485 3996 vero
498 3913 543 3997 in'
553 3941 658 3996 curas
670 3917 818 3997 animus
835 3917 1022 4000 diducitur
1035 3945 1179 3999 omnca
1244 3941 1340 4030 7²⁰

266 4049 319 4133 Et
336 4079 411 4132 nox
426 4069 502 4132 atra
516 4053 650 4165 polum
665 4054 760 4164 bigis
772 4055 946 4138 subvee'ta
965 4057 1113 4140 tenebat
1126 4096 1139 4153 ;

265 4190 354 4273 Visa
365 4190 501 4277 dehinc
520 4193 627 4279 coelo
643 4192 755 4284 facies
775 4196 921 4309 delapsa
940 4199 1104 4312 parentis

1100 4379 1103 4382 ·
1146 4327 1342 4415 Anchisae
