2872 5176
452 341 757 435 Aruernos
795 337 904 433 Lrn.
928 338 1035 435 XII.
1158 366 1247 461 241

200 533 274 636 Illi,
311 535 580 646 adsurgentem
595 531 759 615 converti
770 530 914 613 lumina
928 528 1058 633 sol'em,
1198 598 1203 608 .
1246 509 1254 550 ⁵

201 676 304 756 Dant
323 674 477 783 fruges
463 671 636 754 manibus
652 669 769 770 salsas,
797 688 835 750 et
852 688 1020 780 tempora
1030 671 1129 755 ferro

194 813 355 895 Summa
365 829 494 895 notant
513 809 717 923 pecudum,
732 807 936 919 paterisque
951 810 1077 893 altaria
1092 810 1221 894 libant.

260 952 425 1033 Tum
387 977 472 1062 prus
489 951 635 1030 Aeneas
647 946 772 1029 stricto
785 947 835 1027 fic
845 946 929 1029 ense
943 966 1130 1059 precatur.
1167 980 1218 1065 17
1225 975 1250 1061 ς

195 1093 288 1174 Esto
303 1118 402 1173 nunc
418 1089 472 1171 sol
489 1087 602 1191 testis,
632 1105 670 1168 et
686 1085 780 1171 haec
798 1085 1252 1194 mihiterravocanti,

194 1233 325 1338 Quam
344 1247 493 1343 propter
509 1245 629 1311 tantos
645 1225 921 1338 pomiperferre
935 1224 1099 1312 laborer:
1216 1280 1248 1333 ,⁴

193 1373 245 1451 Et
261 1388 363 1482 pater
382 1368 632 1477 omnipotens,
661 1384 698 1447 et
715 1384 757 1447 tu
775 1364 941 1446 Saturnia
952 1366 1069 1472 Juno,

194 1511 283 1616 Jam
302 1506 447 1603 melior,
453 1507 548 1615 jam,
562 1504 661 1605 diva,
672 1530 821 1615 precor:
854 1521 983 1614 tuque,
1006 1505 1142 1615 inclyte
1159 1506 1250 1592 Ma-

196 1720 199 1727 .
375 1630 472 1748 roro,
1164 1679 1248 1766 ¹79

193 1788 340 1868 Cuncta
349 1804 416 1868 tuo
432 1786 499 1896 qui
518 1783 627 1885 bella,
639 1802 754 1896 pater,
768 1781 835 1867 sub
852 1785 1007 1895 numine
1021 1805 1189 1900 torques:
1232 1848 1242 1887 ,-

191 1927 414 2037 Fontesque,
443 1925 646 2037 fluviosque
663 1954 770 2022 voco,
801 1926 1138 2037 quaequeaetheris
1155 1928 1220 2013 alti

190 2064 367 2177 Relligio,
391 2082 429 2148 et
445 2093 541 2175 quae
550 2064 718 2147 caeruleo
731 2065 814 2146 sunt
825 2065 981 2147 numina
991 2088 1130 2176 ponto:

188 2186 343 2289 ¹cesserit
358 2205 523 2288 Ausonio
540 2206 568 2286 fi
586 2204 662 2289 foro
677 2203 828 2325 uictoria
838 2206 987 2304 Turno,
1003 2180 1007 2187 ²

190 2349 375 2429 Convenit
393 2347 556 2431 Evandri
567 2347 683 2428 victos
700 2345 883 2428 discedere
896 2349 944 2428 ad
956 2347 1115 2434 urbem:

188 2484 308 2566 Cedet
319 2485 423 2587 Iiilns
434 2485 550 2595 agri33
581 2512 650 2565 nec
662 2481 746 2595 post
761 2510 866 2564 arma
880 2482 957 2565 ulla
972 2486 1127 2571 rebelles
1161 2486 1212 2573 18
1218 2515 1245 2602 ς

187 2624 385 2705 Aeneadae
401 2621 571 2721 referent,
608 2622 751 2706 ferrove
768 2620 861 2705 haec
877 2650 990 2734 regna
1003 2625 1183 2715 laceffent.

190 2761 254 2841 Sin
269 2761 439 2842 nostrum
456 2761 624 2843 annuerit
636 2761 744 2842 nobis
760 2761 913 2842 victoria
925 2762 1108 2865 Martem,
1151 2796 1154 2801 ·

189 2899 242 2978 Ut
257 2899 380 3007 potius
392 2925 487 2997 reor,
513 2917 552 2980 et
566 2899 689 3008 potius
705 2898 745 2978 di
757 2897 914 2980 numine
928 2897 1094 3005 firment,

186 3035 228 3121 N
230 3064 279 3117 on
294 3064 365 3146 ego
384 3064 453 3118 nec
467 3037 626 3118 Teucris
638 3036 751 3118 Italos
770 3064 897 3148 parere
905 3037 1062 3147 jubebo,
1151 3104 1156 3115 ,
1250 3142 1255 3152 .

183 3174 272 3256 Nec
279 3174 377 3256 mihi
391 3202 503 3287 regna
519 3192 619 3287 peto.
645 3177 794 3287 paribus
811 3175 847 3256 se
861 3173 1003 3285 legibus
1013 3179 1145 3262 ambae
1160 3208 1241 3295 190

184 3316 347 3397 invictae
362 3335 489 3426 gentes
509 3335 653 3403 aeterna
664 3318 704 3398 in
719 3316 868 3398 foedera
881 3318 1042 3403 mittant.

184 3454 293 3535 Sacra
308 3455 469 3565 deosque
480 3454 598 3539 dabo:
627 3455 728 3538 socer
740 3482 845 3537 arma
863 3456 1018 3541 Latinus
1030 3457 1179 3563 habeto,

182 3594 389 3704 Imperium
402 3592 548 3677 solenne
558 3595 681 3678 socer:
712 3593 970 3677 mihimoenia
983 3598 1123 3683 Teucri

182 3732 428 3829 Constituent,
458 3731 616 3842 urbique
629 3732 731 3812 dabit
747 3731 904 3814 Lavinia
919 3760 1073 3822 nomen.
1153 3769 1245 3860 ¹94,

242 3872 303 3951 Sic
321 3860 421 3982 prior
437 3873 608 3954 Aeneas:
639 3870 799 3981 sequitur
814 3870 862 3953 fic
873 3871 1008 3956 deinde
1021 3878 1190 3980 Latinus,

181 4011 383 4121 Suspiciens
395 4007 559 4117 coelum,
589 4011 779 4120 tenditque
791 4013 840 4092 ad
856 4011 971 4095 fidera
987 4015 1177 4103 dextram:

181 4146 289 4231 Haec
300 4149 445 4252 eadem,
479 4150 620 4249 Aenea,
654 4167 802 4250 terram,
838 4178 954 4252 mare,
984 4152 1112 4259 fidera,
1137 4160 1236 4268 juro,

238 4290 279 4371 T
282 4315 360 4375 ora.
389 4290 440 4375 11.
808 4289 847 4368 R
871 4284 874 4289 ’
1160 4297 1246 4417 La(
