2872 5176
432 296 756 425 Annn'roos
784 324 899 421 Lm.
938 326 1047 423 XII.
1148 356 1247 464 235

182 541 266 622 Ant
276 534 412 619 habeat
429 533 568 630 νὶἃοδῑ
600 529 708 614 cedat
719 528 877 612 Lavinia
893 531 1050 640 conjuxr

183 680 265 763 Olli
282 678 406 761 sedato
422 675 610 786 respondit
630 672 741 754 corde
754 672 937 756 Latinus:

180 823 222 903 Ο
239 817 424 932 praestans
441 813 728 925 auimijuvenis,
760 829 947 923 quantum
965 815 1042 927 ipse
1058 819 1177 907 feroci
1318 804 1322 813 ¹

183 960 334 1043 Virtute
348 957 555 1067 asperas,
606 972 710 1035 tanto
727 982 791 1036 me
802 954 1004 1065 impensius
1020 987 1188 1072 aequum
1200 968 1259 1053 est

182 1099 399 1196 Consulem,
429 1114 542 1208 atque
559 1123 692 1178 omnes
709 1112 943 1179 metuentem
961 1105 1171 1211 expendere
1191 1137 1257 1194 ca,

367 1237 439 1320 sus.
1197 1276 1252 1337 ῃ

180 1376 278 1457 Sunt
293 1371 361 1455 tibi
375 1399 493 1480 regna
503 1371 616 1481 patris
636 1369 779 1467 Dauni,
808 1371 894 1455 sunt
912 1374 1051 1485 oppidu
1069 1398 1178 1492 capta
1224 1454 1229 1465 .

182 1517 310 1597 Multa
331 1543 474 1609 manu;
525 1542 595 1594 nec
615 1541 693 1593 non
711 1542 922 1624 aurumque
941 1519 1162 1634 animusque
1178 1531 1257 1613 La.

356 1656 449 1735 'tino
467 1654 533 1736 est.

183 1801 278 1881 Sunt
289 1797 382 1881 aliae
399 1797 576 1908 innuptae
591 1796 703 1877 Latio
715 1812 752 1876 et
769 1797 1016 1883 Laurentibus
1027 1806 1148 1913 agris3
1195 1839 1253 1922 24

184 1940 272 2021 Nec
285 1963 403 2048 genus
414 1935 618 2017 indecores.
647 1929 903 2015 finemehaec
917 1932 1020 2017 haud
1034 1943 1164 2033 mollia
1173 1946 1254 2033 farn

185 2080 344 2164 Sublatis
362 2080 504 2191 aperire
522 2077 638 2174 dolis3
669 2075 782 2159 simul
800 2074 896 2160 haec
914 2080 1043 2164 mimo
1058 2082 1183 2175 hauri.

184 2225 256 2307 Me
270 2242 397 2305 natam
413 2221 510 2304 nulli
523 2239 693 2303 veterum
713 2218 848 2301 sociare
868 2247 1073 2328 procorum
1240 2300 1243 2305 .

177 2366 255 2451 Fas
266 2381 355 2461 erat,
365 2362 479 2473 idque
491 2389 624 2444 omnes
635 2360 787 2469 divique
798 2357 1045 2473 hominesque
1058 2369 1252 2462 canebant,

184 2507 318 2587 Victus
331 2531 460 2586 amore
472 2503 542 2602 tui,
571 2518 731 2610 cognato
751 2500 926 2608 sangiune
947 2503 1078 2612 vitius,

182 2646 364 2756 Conjugir
377 2662 415 2727 et
430 2643 594 2727 moestae
608 2641 794 2753 lacrymis,
804 2639 926 2725 vincla
935 2634 1064 2729 omnia
1078 2652 1183 2764 rupi:
1196 2684 1251 2769 3⁰

180 2786 406 2869 Promissam
422 2784 542 2895 eripui
562 2811 724 2892 genero;
757 2810 861 2864 arma
876 2782 993 2895 impia
1007 2787 1133 2876 sumfi.

183 2925 246 3006 Ex
263 2925 408 3035 illoqui
420 2952 485 3006 me
498 2924 612 3020 casus,
645 2950 754 3032 quae,
786 2924 930 3022 Turne,
964 2926 1164 3037 sequantur

182 3061 298 3162 Bella,
326 3063 451 3160 vides3
482 3081 641 3172 quantos
661 3063 805 3172 primus
822 3063 960 3172 patiare
977 3065 1134 3156 labores.

183 3206 245 3289 Bis
262 3234 402 3316 magna
418 3206 506 3287 victi
525 3234 651 3316 pugna
666 3206 730 3285 vix
744 3205 840 3285 urbe
857 3224 1008 3289 tuemur

184 3347 273 3457 Spes
286 3346 416 3428 Italas:
445 3345 607 3428 recalent
621 3345 746 3426 nostro
764 3343 945 3430 Tiberina
962 3339 1114 3459 fluenta
1195 3383 1217 3466 3
1227 3383 1251 3467 ς

184 3487 370 3596 Sanguine
388 3485 528 3586 adhuc,
558 3488 758 3598 campique
772 3486 941 3596 ingentes
959 3489 1098 3574 offibus
1113 3491 1254 3581 albent

183 3629 276 3730 Quo
289 3625 427 3708 referor
440 3628 570 3708 toties?
603 3656 697 3737 quoe
711 3627 1031 3711 mentem'insania
1042 3640 1193 3718 mutat?

183 3769 236 3883 Si,
269 3770 405 3849 Turno
424 3765 622 3865 cntinuo,
654 3766 770 3847 socios
787 3765 872 3846 sum
888 3768 1192 3879 accireparatus3

183 3909 264 3988 Cur
283 3936 361 3989 non
379 3905 562 3991 incolumi
582 3907 706 4018 potius
722 3906 925 3989 certamina
942 3907 1069 3992 tollo?

181 4049 291 4146 Quid
303 4049 567 4160 consanguinei
584 4048 734 4148 Rutuli,
765 4048 858 4159 quid
876 4068 1017 4135 caetera
1033 4051 1134 4136 dicet
1194 4084 1255 4164 40

185 4190 303 4297 ltalia,
334 4194 382 4279 ad
401 4209 567 4282 mortem
584 4195 677 4302 fite,
708 4193 895 4278 forsditta
913 4193 1069 4285 refirtet!
1165 4296 1170 4304 Ι

1156 4331 1255 4415 Pro·
