2872 5176
175 336 204 437 8
368 330 421 431 Pa
451 333 715 432 Vrnornu
748 333 1029 429 -Manours

170 537 325 657 pbbms
341 537 555 647 decorisque
580 535 635 618 sui
651 536 870 647 sociumque
892 536 1028 638 salutis,

174 681 222 791 Iu
239 708 342 763 mare
360 681 600 791 praecipitem
615 680 734 791 puppi
759 680 931 761 deturbat
955 683 1003 762 ab
1020 680 1107 763 alta.
1160 712 1211 797 17
1218 708 1257 794 ς,

174 816 259 929 Ipse
271 818 523 927 gubernaculo
541 824 661 902 rector
677 820 785 918 subit,
809 820 884 930 ipse
902 822 1095 930 magister:

175 960 435 1073 Hortatusque
451 963 560 1063 viros,
581 962 809 1072 clavumque
831 963 879 1041 ad
899 961 1005 1045 litora
1023 980 1183 1072 torquet.

176 1100 234 1211 ᾼτ
247 1104 377 1211 gravis,
400 1122 443 1185 ut
467 1103 586 1186 fundo
614 1103 679 1183 vix
707 1102 860 1183 tandem
881 1103 1044 1184 redditus
1065 1105 1146 1183 imo
1162 1103 1219 1182 est
1235 1128 1258 1202 J

176 1244 267 1351 Jam
295 1244 424 1343 senior,
453 1246 676 1354 madidaque
703 1243 821 1324 fluens
838 1244 878 1323 in
902 1245 1014 1345 veste,
1033 1246 1251 1338 Menoetes,

177 1384 336 1483 Summa
354 1385 447 1493 petit
462 1382 616 1496 scopuli,
630 1384 806 1492 fiocaque
831 1382 870 1462 in
890 1412 981 1495 rupe
1002 1385 1145 1468 resedit.
1166 1386 1255 1466 180=

176 1519 296 1601 Illum
309 1523 547 1605 etlabentem
559 1524 714 1622 Teucri,
741 1540 779 1604 et
799 1522 907 1603 risere
928 1541 1142 1607 natantem:

176 1661 231 1745 Et
249 1663 355 1746 salsos
371 1664 493 1747 rident
509 1682 765 1747 removentem
780 1668 930 1775 pectore
944 1663 1093 1750 finnus.
1249 1724 1255 1735 ·

177 1799 258 1910 ῌὶε
276 1801 369 1883 laeta
384 1805 560 1884 extremis
587 1804 667 1913 spes
680 1803 736 1884 est
754 1802 903 1905 accensa
923 1802 1085 1905 duobus,

180 1939 350 2050 Sergesto
361 1940 652 2052 Mnestheoque,
667 1944 795 2050 Gyam
814 1941 981 2051 superare
995 1963 1217 2027 morantem.
1250 1982 1258 2017 ι

181 2083 368 2193 Sergestus
379 2086 478 2195 capit
496 2103 580 2167 ante
598 2084 739 2180 iocum,
753 2082 982 2194 scopuloque
1001 2088 1256 2198 propinquat:¹

177 2223 266 2319 Nec
283 2242 497 2311 totatamon
513 2227 576 2308 ille
594 2227 693 2338 prior
707 2242 903 2337 praecunte
920 2227 1064 2309 carina:
1163 2208 1278 2312 186'
1324 2288 1328 2293 -

177 2366 286 2477 lJarte
307 2369 420 2478 prior,
442 2387 585 2479 partem
606 2367 724 2449 rostro
742 2366 878 2475 premit
895 2366 1044 2448 aemula
1067 2367 1201 2478 pristis.
1253 2420 1257 2427 -

180 2509 236 2587 At
252 2508 378 2587 media
395 2506 511 2588 socios
527 2506 701 2590 incedens
730 2531 824 2588 nave
841 2533 906 2615 per
926 2507 1022 2617 ipsos

180 2648 365 2757 Hortatur
379 2645 602 2728 Mnestheus
617 2678 627 2730 :
656 2674 769 2746 nunc,
784 2673 886 2726 nunc
901 2647 1073 2757 insurgite
1087 2645 1199 2731 remis

14 2816 20 2827 ·
183 2785 362 2877 Hectorei
380 2786 481 2887 socii,
502 2788 639 2896 Trojae
656 2814 752 2896 quos
772 2785 864 2866 sorte
880 2785 1051 2898 suprema
1168 2816 1270 2908 190·

30 2996 33 3005 .
183 2928 321 3038 Delegi
339 2929 519 3010 comites:
551 2954 652 3027 nunc
666 2927 746 3007 illas
764 2926 925 3036 promite
944 2927 1051 3028 vires,

29 3177 32 3183 Ι
182 3069 302 3150 Nunc
320 3069 478 3168 animos,
496 3068 632 3176 quibus
646 3067 685 3146 in
706 3065 875 3146 Gaetulis
894 3065 1050 3175 syrtibus
1065 3069 1131 3168 ufi,

183 3188 366 3321 Ionioque
385 3210 494 3307 mari,
513 3206 735 3315 Maleaeque
748 3206 963 3315 sequacibus
981 3209 1102 3289 undis.
1178 3280 1192 3308 Ἴ.
1246 3271 1249 3274 -

182 3345 277 3451 Non
283 3348 493 3457 jamprima
504 3366 590 3455 peto
598 3344 831 3440 Mnestheus,
841 3371 962 3454 neque
970 3346 1116 3429 vincere
1128 3363 1254 3428 certo:

184 3488 416 3599 Qanquam
434 3487 477 3568 o!
510 3486 571 3566 sed
588 3484 770 3595 superent,
787 3484 921 3593 quibus
941 3483 1029 3584 hoc,
1062 3486 1256 3595 Neptune,

367 3626 512 3708 dedistis
1169 3655 1219 3736 ¹9
1227 3644 1256 3736 ς

184 3766 387 3875 Extremos
409 3764 547 3875 pudeat
573 3758 725 3848 rediisse.
755 3756 830 3844 hoc
849 3757 998 3860 vincite,
1019 3764 1132 3864 cives,

184 3909 237 3990 Et
255 3903 448 4018 prohibete
464 3901 580 3984 nefas.
610 3901 676 3981 olli
690 3902 890 3983 certamine
912 3902 1062 3983 summo

183 4043 468 4145 Procumbunt:
502 4042 610 4122 vastis
624 4041 903 4123 tremit-istibus
920 4069 1025 4124 aerea
1043 4037 1194 4152 puppis,
1258 4082 1262 4089 ·
1301 4067 1303 4071 ’

187 4158 492 4307 subtrahiturque
507 4179 642 4265 solum.
662 4198 747 4262 turn
764 4168 1087 4293 crebera'nhelitus
1099 4194 1199 4292 artus
1244 4252 1261 4294 e

305 4356 309 4367 ·
469 4312 480 4326 ⁸
588 4312 602 4327 ’
1065 4316 1265 4425 aridaque
