2872 5176
261 344 332 481 58
502 342 555 444 P
572 343 835 439 Vmorem
870 344 1148 446 Manourr

256 557 314 639 At
331 570 434 664 pater
458 548 697 661 omnipotens
714 546 860 628 densa
849 567 944 631 rnter
974 552 1103 632 nubila
1120 555 1240 638 telum

257 691 457 790 eontorsrt,
477 686 630 770 nonille
648 685 760 783 facer,
775 712 844 767 nec
858 686 988 769 fumea
1001 692 1116 772 taedis

200 941 207 955 .
256 835 436 935 Lumina,
454 831 770 945 praecipitemque
788 830 948 911 immani
970 834 1118 914 turbine
1136 837 1271 948 adegit.

255 975 422 1059 Necnon
441 974 648 1083 'etTityon‚
659 990 778 1053 terrae
790 973 1056 1084 omniparentis
1070 975 1285 1077 alumnum,

257 1119 419 1200 Cernere
431 1133 528 1215 erat;
546 1142 612 1227 per
630 1131 708 1195 tota
722 1140 860 1196 norem
879 1116 1080 1228 cuijugera
1092 1147 1228 1232 corpus
1245 1128 1332 1236 596

257 1253 477 1371 Porrigitur‚
496 1258 689 1368 rostroque
708 1256 885 1339 immanis
904 1258 1030 1340 vultur
1046 1259 1200 1344 obunco

257 1396 595 1508 immortalejecor
610 1394 782 1496 tundens,
802 1394 1063 1507 foecundaque
1087 1402 1217 1509 poenis

255 1537 420 1638 Viscera,
442 1534 673 1647 rimaturque
689 1534 822 1644 epuliS,
840 1533 1054 1648 habitatque
1068 1539 1136 1620 sub
1154 1541 1230 1622 alto
1338 1592 1342 1599 -

149 1722 155 1734 ·
254 1679 412 1761 Pectore
430 1709 440 1761 :
469 1666 540 1759 nec
560 1674 662 1757 fibris
679 1675 824 1784 requies
840 1675 948 1757 datur
962 1676 1039 1759 ulla
1065 1682 1210 1766 renatis.
1245 1684 1333 1794 (roo

257 1820 366 1920 Quid
378 1842 593 1901 memorem
605 1814 798 1928 Lapithas,
820 1817 965 1915 lxiona,
985 1818 1305 1933 Pirithoumque?

257 1960 367 2058 Quos
381 1957 489 2070 super
499 1975 576 2039 atra
594 1954 684 2037 filex
695 1956 855 2066 jamjam
868 1955 1023 2069 lapsura,
1038 1961 1262 2073 cadentique

257 2099 441 2181 Imminet
453 2094 631 2181 affimilis.
663 2095 790 2178 lucent
808 2097 1014 2208 genialibus
1033 2101 1118 2183 altis

256 2242 384 2322 Aurea
401 2238 521 2321 fulcra
539 2237 641 2336 toris,
659 2237 869 2348 epulaeque
886 2254 971 2319 ante
992 2267 1058 2321 ora
1070 2260 1218 2353 paratae

255 2378 431 2489 Regifico
449 2379 564 2495 luxut
595 2376 779 2471 huiarurn
798 2379 965 2460 maxima
977 2381 1087 2488 juxta
1247 2387 1303 2467 60
1309 2413 1332 2495 5

144 2545 150 2559 ·
258 2519 443 2616 Accubat,
460 2534 498 2599 et
517 2517 691 2597 manibus
707 2516 881 2627 prohibet
896 2520 1110 2630 contingere
1131 2522 1274 2603 mensas
1290 2563 1303 2621 3

254 2654 505 2767 Exsurgitque
523 2653 646 2734 facem
664 2653 844 2751 attollens,
862 2674 973 2764 atque
993 2657 1136 2738 intonat
1155 2688 1230 2740 ore.

123 2846 139 2879 .·
255 2796 348 2895 Hic,
367 2797 503 2909 quibus
521 2795 625 2876 invisr
644 2793 785 2893 fratres,
809 2796 902 2874 dum
921 2797 995 2875 vita
1013 2799 1202 2907 manebat,

255 2934 466 3016 Pulsatusve
486 2962 629 3045 parens,
649 2952 686 3013 et
703 2932 802 3013 fraus
821 2935 955 3015 innexa
971 2933 1097 3016 clienti
1118 2977 1129 3032 ;

256 3078 338 3156 Aut
354 3076 419 3186 qui
433 3074 569 3154 divitiis
586 3073 651 3152 soli
671 3074 872 3153 incubuere
887 3077 1048 3184 repertis,
1244 3079 1336 3158 bro

255 3215 343 3296 Nec
358 3230 501 3324 partem
519 3212 670 3322 posuere
691 3211 773 3312 suis,
785 3241 879 3321 quae
891 3215 1058 3295 maxima
1080 3214 1187 3294 turba
1201 3213 1282 3311 est3

255 3354 408 3464 Quique
427 3354 478 3434 ob
498 3352 723 3434 adulterium
736 3355 843 3451 caefi,
865 3355 1008 3464 quique
1024 3380 1128 3436 arma
1145 3354 1260 3434 secuti

255 3495 393 3606 impia,
415 3519 484 3575 nec
502 3493 608 3574 reritr
596 3493 869 3574 dominorum
885 3484 1013 3578 fallere
1032 3496 1193 3591 dextras,

255 3632 390 3715 inclufi
403 3658 565 3744 poenam
579 3637 786 3743 expediant.
818 3661 867 3716 ne
885 3660 1020 3743 quaere
1038 3635 1166 3717 doceri

255 3775 387 3909 Qarn
422 3800 598 3884 poenam,
635 3791 700 3855 aut
732 3800 829 3886 quae
854 3759 1042 3857 forma
1007 3802 1106 3858 viros
1142 3774 1338 3857 fortunare

437 3916 574 4001 merfit
999 3914 1003 3922 ’
1242 3920 1332 4028 όις

255 4050 435 4135 Saxum
423 4082 556 4168 mgens
572 4055 727 4139 volvunt
744 4055 818 4154 alii,
837 4055 1018 4168 radiisque
1035 4074 1203 4141 rotarum

254 4189 425 4279 Distritn
446 4197 625 4403 ppndmt.
656 4195 770 4298 sedet,
788 4213 1056 4312 aeternumque
1076 4198 1217 4285 sedebit
1326 4252 1332 4261 ·

1159 4331 1347 4421 Infelix
