2872 5176
256 398 361 506 μ’
444 376 804 474 P.'V1n01nrr
838 369 1123 471 Minonis

238 565 423 671 ¹llrsuntes
440 605 617 692 peperere
632 603 762 673 manu,
785 573 987 683 lucemque
1012 575 1133 685 perofi
1243 610 1272 688 4
1278 574 1336 698 3'5

252 728 449 831 Projecere
465 723 621 804 animas.
653 747 771 830 quam
788 717 925 798 vellent
942 715 1090 815 aethere
1109 721 1150 802 in
1169 720 1247 804 alto

252 866 377 955 Nunc
390 884 429 946 et
446 861 663 975 pauperiem
680 878 719 940 et
738 857 852 938 durus
870 856 1031 968 perferre
1051 858 1196 945 labores
1211 833 1242 945 l⁸
1323 895 1325 898 ⁴

252 1005 350 1088 Fata
364 1004 524 1103 obstant,
542 1001 711 1110 tristique
727 997 834 1110 palus
853 997 1063 1082 inamabilis
1080 1003 1183 1087 unda

249 1146 411 1258 Alligat,
439 1162 478 1225 et
493 1141 622 1225 novies
642 1141 736 1249 Styx
760 1138 935 1219 interfusa
960 1147 1120 1262 cu‘e‘rcet.
1291 1134 1299 1144 ’

247 1286 340 1373 Nec
358 1284 490 1398 procul
504 1274 597 1364 hinc
615 1299 761 1395 partem
777 1279 847 1360 fufi
861 1279 1164 1367 monstranturin
1175 1313 1339 1374 omnem

249 1433 443 1540 Lugentes
455 1425 593 1536 campi.
627 1424 677 1505 src
696 1422 780 1504 illos
800 1422 954 1503 nomine
972 1423 1115 1515 dicunt.
1243 1426 1332 1542 441⁶

249 1570 348 1673 Hic,
377 1595 474 1680 quos
496 1567 611 1647 durus
625 1591 732 1645 amor
754 1562 896 1643 crudeli
921 1566 1006 1645 tabe
1025 1566 1182 1677 peredit,

253 1710 394 1794 Secreti
419 1706 541 1790 celant
560 1705 684 1805 calles,
704 1723 743 1786 et
764 1722 909 1812 myrtea
926 1706 1071 1789 circum

253 1850 369 1959 Sylva
398 1848 501 1958 tegit.
532 1874 642 1928 curae
660 1872 738 1926 non
755 1825 896 1955 ipsa'in
925 1863 1047 1928 morte
1074 1845 1305 1959 relinquunt.

252 1991 330 2075 His
355 1987 568 2073 Phaedram
597 1987 830 2096 Procrinque
863 1983 967 2090 locis,
996 1987 1257 2102 moestamque
1277 1996 1334 2075 E-

437 2127 625 2240 riphylen,
1243 2164 1303 2242 44
1311 2165 1335 2248 5

249 2271 428 2357 Crudelis
448 2271 525 2352 nati
541 2269 814 2352 monstrantem
833 2268 997 2367 vulnera,
1016 2271 1147 2369 cernit,

163 2518 166 2523 4
254 2413 529 2521 Evadnenque,
545 2425 584 2490 et
601 2407 834 2520 Pafiphaen:
866 2406 926 2489 his
943 2410 1150 2491 Laodamia

241 2554 292 2657 vIt
328 2576 469 2649 comes,
503 2568 554 2647 et,
585 2549 733 2658 juvenis
762 2549 970 2660 quondam,
1013 2575 1115 2632 nunc
1150 2551 1333 2653 foemina,

369 2757 373 2765 .
441 2691 624 2789 Caeneus,
664 2756 667 2763 .

88 2834 93 2842 ’
255 2832 399 2916 Rursus
425 2833 523 2919 etin
548 2849 714 2915 veterem
742 2831 821 2914 fato
838 2830 1003 2914 revoluta
1027 2831 1201 2943 figuram.

53 4764 228 4882 Α

232 2975 356 3075 ‚Inter
373 3000 466 3082 quas
491 2970 689 3055 Phoeniffa
708 3000 835 3055 recens
852 3002 874 3054 a
891 2971 1041 3055 volnere
1061 2974 1166 3054 Dido
1243 3006 1270 3084 4
1278 3008 1335 3089 50

254 3116 415 3198 Errabat
432 3113 535 3223 sylva
553 3115 594 3193 in
620 3140 775 3223 magna:
808 3142 926 3224 quam
940 3116 1082 3197 Troius
1093 3114 1203 3197 heros

257 3257 316 3337 Ut
335 3254 507 3366 primum
520 3255 629 3362 juxta
658 3255 767 3354 stetit,
783 3257 1009 3368 agnovitque
1026 3285 1093 3369 per
1107 3260 1285 3340 umbram

257 3394 484 3497 Obscuram,
512 3394 666 3503 qualem
677 3396 803 3507 primo
815 3399 882 3508 qui
898 3397 1042 3508 surgere
1055 3398 1182 3480 mense
1274 3370 1277 3374 ι

258 3537 342 3616 Aut
355 3533 469 3632 videt,
490 3551 555 3615 aut
567 3534 693 3617 vidiffe
704 3536 816 3647 ¹putat
826 3565 892 3648 per
907 3537 1035 3618 nubila
1055 3537 1202 3641 lunam,

254 3674 422 3759 Demisrt
434 3674 628 3786 lacrymas,
650 3675 826 3786 dulcique
841 3676 972 3759 affatus
982 3706 1110 3761 amore
1133 3677 1213 3760 est:
1245 3707 1272 3787 4
1280 3709 1334 3793 55

256 3813 397 3900 Infelix
409 3813 528 3914 Did0,
550 3842 658 3898 verus
668 3813 767 3896 mihi
779 3816 939 3897 nuncius
952 3844 1042 3927 ergo

255 3952 433 4052 Venerat,
446 3957 652 4038 extinctam
670 3955 846 4067 ferroque
863 3974 1031 4039 extrema
1047 3957 1226 4046 secutam.

256 4095 416 4177 Funeris
435 4093 534 4179 heu!
558 4098 626 4179 tibi
640 4098 748 4180 causa
759 4097 828 4182 fui.
860 4126 927 4209 per
942 4098 1171 4209 fiderajum,
1216 4128 1219 4133 ’
1249 4134 1255 4146 ·

259 4235 331 4325 Per
349 4233 511 4347 superos,
534 4254 572 4358 et
585 4237 620 4359 fi
641 4267 717 4350 qua
733 4237 825 4325 fides
842 4238 972 4324 tellure
989 4214 1058 4323 sub
1075 4239 1237 4339 imaest,

1174 4379 1338 4482 Invitus,
