2872 5176
325 371 646 461 Aruernos
685 361 798 462 Lm.
835 363 943 462 ΧΗ.
1059 398 1164 503 ago

83 574 207 659 Velati
224 573 316 670 lino,
346 586 385 652 et
397 571 556 648 verbena
571 568 879 678 temporavinffl.
1067 604 1156 666 no

83 717 258 799 Procedit
268 711 368 823 legio
386 706 640 807 Ausonidum,
666 706 861 819 'pilataque
876 710 997 822 plenis

84 857 254 967 Agmina
275 853 311 935 se
324 838 494 946 ¹fundunt
512 847 639 958 portis.
669 845 762 927 hinc
779 850 920 934 Troius
936 859 1075 962 omnir,

85 993 382 1105 Tyrrhenusque
395 989 470 1071 ruit
488 988 596 1069 variis
613 988 796 1070 exercitus
814 994 928 1076 auris
941 1025 964 1079 r·

79 1114 203 1219 Haud
218 1136 321 1218 secus
333 1132 500 1215 instrasti
513 1130 625 1227 feno,
657 1158 776 1238 quam
793 1131 820 1213 fi
839 1134 963 1246 aspera
973 1141 1112 1226 Manis

83 1279 216 1388 Pugna
233 1293 352 1357 vocet.
383 1299 533 1355 necnon
550 1269 683 1352 mediis
696 1270 737 1352 in
752 1271 921 1359 millibus
934 1278 1004 1392 ipfi
1071 1312 1121 1375 12
1129 1316 1169 1402 5.

81 1421 270 1499 Dosiores
288 1444 380 1497 auro
399 1413 557 1494 volitant
574 1412 749 1522 ostroque
768 1414 908 1517 decori,

81 1561 135 1641 Et
149 1586 266 1668 genus
281 1555 445 1639 Assaraci
460 1551 701 1654 Mnestheus,
724 1573 763 1636 et
774 1555 880 1641 fortir
891 1563 1038 1674 Asylro,

83 1703 136 1783 Et
153 1699 346 1809 Messapus
357 1723 504 1808 equum
519 1695 697 1793 domitor,
730 1700 926 1809 Neptunia
942 1709 1081 1818 proles.

88 1835 231 1951 thue,
248 1839 336 1920 dato
348 1838 466 1948 figno,
482 1834 598 1946 spatia
610 1835 650 1915 in
667 1835 732 1916 sua
745 1837 909 1948 quisque
920 1849 1075 1953 recellit,
1152 1904 1155 1909 .

83 1979 270 2091 Defigunt
280 1975 414 2060 tellure
425 1974 559 2074 halus,
587 1992 625 2058 et
635 1976 737 2058 scuta
753 1975 944 2068 reclinant.
1068 2004 1087 2075 r·
1096 2014 1157 2105 3⁰

83 2123 194 2205 Tum
215 2119 339 2202 studio
356 2116 492 2201 effusae
509 2134 658 2216 matres,
690 2134 728 2198 et
740 2118 875 2230 vulgus
886 2122 1091 2236 inermumi

86 2261 320 2372 Invalidique
333 2257 447 2360 senes,
479 2274 598 2340 turrea
608 2275 647 2340 et
659 2258 757 2340 testa
767 2257 975 2349 domorum

84 2403 298 2486 Obsedere:
329 2398 393 2481 alii
410 2399 527 2511 portia
542 2397 765 2481 sublimibus
783 2400 939 2487 adluat.

147 2542 203 2622 At
220 2542 360 2647 Junoe
374 2537 539 2634 summo,
570 2537 638 2646 qui
654 2562 757 2618 nunc
770 2538 942 2624 Albinus
952 2541 1123 2648 habeor,

84 2685 199 2766 Tunc
217 2707 340 2791 neque
352 2706 496 2761 nomen
514 2695 606 2778 erat,
636 2677 908 2790 nequehonoe,
936 2707 1060 2798 neque
1070 2690 1157 2799 glo·

269 2821 324 2900 ria
340 2821 477 2920 monti,
1069 2858 1154 2942 ¹35

84 2960 491 3073 Prospicienitumulo,
522 2986 706 3071 campum
723 2958 942 3071 aspectabat,
973 2985 1012 3049 et
1028 2971 1159 3059 ambae

83 3106 317 3185 Laurentum
334 3103 561 3212 Troumque
576 3101 686 3200 acies,
717 3103 927 3215 urbemque
940 3107 1080 3194 Latini,
1165 3170 1170 3179 .

84 3242 293 3354 Extemplo
310 3243 441 3324 Turni
454 3242 503 3324 fic
514 3242 569 3326 est
584 3238 697 3322 affata
709 3240 887 3345 sororem,

85 3387 196 3482 Diva·
206 3388 332 3483 deam,
362 3385 499 3496 stagnis
512 3414 609 3497 quae
626 3380 921 3499 fluminibusque
937 3390 1077 3475 sonoris

77 3527 294 3610 Praesidet:
324 3523 430 3606 hunc
440 3525 496 3607 illi
508 3554 574 3607 rex
586 3522 743 3607 aetherio
755 3525 851 3608 altus
863 3526 1050 3615 honorem
1070 3559 1159 3646 140

84 3668 231 3778 Jupiter
248 3683 373 3777 erepta
385 3693 456 3777 pro
473 3665 682 3776 virginitate
699 3666 878 3753 ficravit:

84 3803 289 3916 Nympha,
300 3805 414 3889 decus
430 3804 648 3908 fluviorum,
660 3807 789 3888 animo
804 3808 1006 3917 gratissima
1016 3810 1156 3918 nostro,

86 3947 178 4043 Scis,
209 3963 252 4026 ut
268 3964 305 4026 te
319 3945 462 4027 conclis
482 3974 613 4051 unam,
644 3973 891 4058 quaecunque
909 3949 1067 4035 Latinae

85 4089 326 4198 Magnanimi
339 4089 443 4195 Jo'vir'
464 4090 654 4201 ingratum
673 4088 867 4174 ascendere
879 4092 1017 4192 cubile,

84 4228 340 4332 Praetulerim,
371 4228 543 4345 coelique
558 4230 744 4331 lubenoin
761 4250 864 4342 parte
882 4232 1052 4319 locatim.
1069 4238 1155 4341 143

1043 4369 1157 4455 Disce
