2872 5176
302 315 368 441 89
496 308 1157 406 P..Vrnorn11Maa01r1s

296 515 417 596 Hunc
430 512 540 594 illum
552 512 639 595 satis
651 528 802 593 externa
819 509 936 592 asede
949 509 1163 621 profestum
1284 544 1306 600 2
1315 545 1337 630 5
1345 544 1370 631 5

294 652 473 734 Portendi
491 681 686 762 generum,
705 648 926 762 paribusque
944 650 984 730 in
1001 679 1113 760 regna
1131 655 1254 733 vocari

263 793 486 903 xAuspiciis
503 824 513 875 ε
544 793 634 875 hinc
660 784 881 904 progeniem
896 791 1030 871 virtute
1046 791 1215 885 suturam

293 935 512 1045 Egregiam‚
526 954 564 1016 et
576 954 699 1016 totum
711 962 807 1046 quae
828 933 967 1020 viribus
986 952 1145 1044 occupet
1162 935 1305 1021 orbem.

295 1074 475 1155 Tandem
487 1075 602 1157 laetus
619 1076 693 1157 ait:
724 1076 765 1155 di
785 1073 908 1179 nostra
928 1073 1075 1183 incepta
1090 1074 1304 1174 secundent,

293 1216 587 1326 Auguriumque
601 1214 721 1298 suum.
750 1211 908 1310 dabitur,
929 1214 1106 1322 Trojane,
1124 1217 1229 1324 quod
1247 1235 1365 1329 optas,

291 1355 459 1436 Munera
472 1381 542 1435 nec
556 1353 699 1462 sperno.
729 1380 806 1432 non
820 1353 936 1449 vobis,
956 1380 1041 1461 rege
1063 1356 1211 1454 Latino,
1277 1354 1361 1442 261

293 1495 432 1577 Divitis
447 1493 538 1575 uber
558 1494 650 1601 agri,
676 1494 860 1601 Trojaeve
879 1491 1082 1602 opulentia
1115 1494 1245 1578 deerit.

290 1635 373 1747 lpse
387 1635 504 1718 modo
517 1638 675 1732 Aeneas,
697 1633 811 1714 nostri
833 1633 867 1753 fi,
880 1651 980 1716 tanta
993 1635 1130 1745 cupido
1147 1637 1215 1741 est,

291 1777 330 1858 Si
343 1777 455 1887 jungi
468 1774 628 1885 hospitio
645 1791 829 1885 properat,
850 1774 1039 1883 sociusque
1060 1779 1197 1878 vocari,

291 1915 505 2013 Ad'veniat;
526 1915 650 1995 vultus
670 1942 761 1994 neve
779 1910 1011 1992 exhorrescat
1024 1915 1178 1999 amicos.
1275 1925 1330 2004 26
1338 1947 1361 2029 ς

289 2054 381 2136 Pars
398 2051 495 2134 mihi
508 2054 608 2164 pacis
622 2053 691 2135 erit
711 2052 881 2133 dextram
904 2050 1058 2161 tetigisse
1074 2056 1233 2162 tyranni.

290 2192 373 2275 Vos
385 2211 513 2276 contra
531 2195 608 2304 regi
625 2221 712 2274 mea
723 2218 825 2273 nunc
842 2191 1017 2272 mandata
1035 2190 1179 2281 referte.

293 2333 363 2414 Est
379 2333 478 2416 mihi
493 2352 591 2433 nata,
609 2326 690 2416 viro
707 2332 827 2441 gentis
851 2330 1132 2442 quamjungere
1145 2336 1300 2433 nostrae,

140 2540 144 2549 ,
290 2477 386 2558 Non
405 2477 523 2587 patrio
539 2503 587 2556 ex
600 2475 713 2583 adyto
725 2474 848 2575 sortes,
864 2501 942 2553 non
960 2472 1123 2583 plurima
1136 2477 1243 2558 coelo

289 2613 464 2695 Monstra
481 2613 622 2694 sinunt:
642 2640 797 2723 generos
810 2612 968 2692 externis
987 2611 1102 2695 affore
1115 2617 1163 2696 ab
1171 2618 1256 2712 oris,
1273 2644 1359 2728 270

290 2754 382 2836 Hoc
394 2756 504 2836 Latio
517 2753 649 2836 testare
671 2772 821 2852 canunt,
845 2754 913 2864 qui
939 2753 1113 2865 sanguine
1131 2758 1302 2839 nostrum

289 2895 449 2978 Nomen
468 2896 507 2976 in
520 2895 612 2979 astra
622 2895 753 2978 serant.
784 2894 888 2976 hunc
901 2892 1011 2975 illum
1024 2897 1173 3005 poscere
1196 2899 1270 2977 sata

289 3036 342 3116 Et
363 3064 459 3134 reor,
486 3056 536 3133 et,
552 3037 580 3116 fi
599 3037 690 3144 quid
714 3037 790 3117 veri
804 3062 910 3116 mens
929 3053 1094 3142 augurat,
1112 3055 1213 3145 opto,

292 3173 403 3255 Haec
420 3173 563 3271 effatus,
579 3201 695 3283 equos
710 3202 871 3256 numero
882 3190 985 3282 pater
998 3173 1101 3281 eligit
1122 3174 1239 3255 omni.

290 3316 442 3397 Stabant
459 3333 514 3397 ter
532 3334 685 3396 centum
704 3313 812 3394 nitidi
834 3315 873 3393 in
894 3313 1125 3423 praesepibus
1143 3314 1236 3395 altis.
1271 3342 1325 3429 ²7
1334 3345 1357 3430 5

288 3457 479 3539 Omnibus
499 3455 692 3566 extemplo
702 3455 862 3534 Teucris
872 3456 979 3563 jubet
999 3455 1127 3537 ordine
1150 3455 1237 3536 duci

288 3597 462 3679 Instratos
480 3596 578 3678 ostro
595 3594 756 3706 alipedes
776 3593 955 3703 pistisque
973 3596 1115 3704 tapetis.

166 3758 169 3765 ’
286 3741 414 3819 Aurea
431 3735 640 3848 pedoribus
660 3731 812 3815 demissa
826 3732 979 3813 monilia
992 3734 1180 3843 pendent:

286 3879 400 3961 Tecti
413 3902 516 3974 auro,
537 3875 688 3958 fulvum
702 3873 887 3955 mandunt
902 3874 969 3953 sub
988 3874 1160 3969 dentibus
1177 3900 1326 3959 aurum.

285 4015 442 4098 Absenti
460 4017 608 4095 Aeneae
623 4041 778 4094 currum
791 4009 1038 4121 geminosque
1047 4010 1202 4122 jugales,
1269 4014 1354 4093 280

287 4154 438 4274 Semine
453 4153 506 4275 ab
520 4150 706 4274 aethereo,
727 4152 900 4274 spirantes
914 4152 1065 4274 naribus
1080 4153 1237 4262 iguem;

1199 4286 1360 4370 Illorum
