2872 5176
291 350 391 453 17:
488 310 1154 455 PJ'VrrurarrManonrs
1300 414 1312 441 .

284 535 475 641 Quum,
508 551 603 637 quae
620 523 724 609 fandi
736 523 964 657 ldOfflffm
998 522 1261 648 cymedh,
1273 526 1333 624 22'
1339 566 1368 657 ς

282 672 389 754 Pone
405 668 574 781 sequens,
616 666 746 748 dextra
756 666 919 779 puppim
935 685 1049 771 tenet,
1079 670 1232 787 ipnque
1249 678 1372 765 dorso

282 815 453 912 Eminet,
482 839 527 894 ac
546 808 649 891 laeva
668 810 787 893 tacitis
805 809 1031 922 subremigat
1046 816 1168 902 undis.

281 954 394 1037 Tum
409 951 459 1033 fic
476 951 648 1062 ignarum
660 947 881 1059 alloquitur:
911 951 1098 1061 vigilasne,
1115 956 1234 1042 deum
1252 989 1369 1073 gens,

280 1096 438 1177 Aenea?
469 1092 594 1202 vigila,
625 1108 663 1174 et
679 1090 770 1179 velis
789 1091 951 1175 immitte
969 1094 1154 1193 rudentes.

279 1231 367 1316 Nos
386 1232 513 1313 smnus
534 1230 665 1311 Idaeae
678 1216 779 1311 sacro
791 1231 838 1311 de
857 1230 994 1312 vertice
1013 1232 1136 1344 pinus,
1263 1258 1361 1357 '230

279 1374 401 1459 Nunc
414 1372 537 1485 pelagi
548 1369 752 1483 nymphae,
784 1370 902 1454 classis
921 1391 996 1455 tua.
1024 1376 1188 1487 perfidus
1199 1399 1242 1461 ut
1252 1410 1329 1479 nos

278 1514 503 1625 Praecipites
520 1508 619 1593 ferro
639 1509 805 1592 Rutulus
824 1509 1055 1625 flammaque
1071 1520 1268 1629 premebat
1273 1564 1292 1626 ς

278 1657 472 1769 Rupimus
489 1654 625 1737 invitae
641 1671 704 1735 tua
722 1653 884 1755 vincula,
914 1672 1027 1767 teque
1043 1686 1111 1768 per
1126 1689 1273 1774 aequor
1329 1770 1332 1777 Ι
1350 1650 1354 1655 ’

199 1878 207 1887 ,
276 1798 516 1900 Quaerimus.
556 1794 655 1878 hanc
675 1795 843 1905 genetrix
863 1795 1002 1877 faciem
1020 1798 1188 1899 miserata
1204 1804 1357 1904 refecit,

276 1914 443 2020 Et'dedit
452 1934 524 2016 effe
539 1933 637 2034 deas,
657 1960 869 2041 aevumque
882 1933 1018 2044 agitare
1034 1935 1102 2018 sub
1119 1939 1241 2030 undis.
1258 1973 1284 2031 2
1291 1975 1316 2061 3
1324 1975 1355 2063 ς

273 2078 331 2159 At
346 2102 441 2186 puer
457 2073 636 2155 Ascanius
651 2101 764 2156 muro
775 2073 948 2186 fossisque
958 2094 1104 2171 tenetur

274 2210 375 2296 Tela
392 2214 487 2295 inter
500 2212 636 2309 media,
668 2230 779 2322 atque
798 2210 989 2294 horrentes
1005 2215 1133 2301 Marte
1146 2221 1338 2321 Latinos,-

276 2355 368 2463 Jarn
384 2353 467 2435 lora
478 2351 572 2462 jussa
583 2369 695 2451 tenet,
725 2352 814 2434 forti
827 2353 1035 2465 permixtus
1049 2357 1222 2461 Etrusco,

273 2499 394 2579 Arcas
411 2522 544 2605 eques:
576 2495 718 2579 medias
734 2495 807 2576 illis
820 2524 1006 2607 opponere
1016 2518 1171 2607 turmas,

273 2634 340 2717 Ne
352 2633 474 2715 castris
484 2634 656 2741 jungant,
688 2648 786 2713 certa
803 2632 857 2713 cst
875 2634 1051 2718 sententia
1068 2639 1216 2726 Turno·
1253 2670 1345 2753 240

274 2747 403 2888 Surge,
435 2804 517 2886 age,
548 2795 586 2856 ct
606 2804 734 2856 aurora
755 2775 870 2856 socios
884 2778 1055 2861 veniente
1065 2786 1187 2865 vocari

270 2917 420 3000 Primus
438 2919 476 2999 in
489 2946 593 2998 arma
603 2916 707 3026 jube,
739 2907 964 3026 etclypeum
985 2947 1089 3031 cape,
1135 2954 1252 3033 quem
1269 2932 1343 3014 de·

456 3058 512 3136 dit
531 3057 607 3166 ipse

270 3197 461 3278 luridum
481 3197 708 3307 ignipotens,
739 3215 849 3308 atque
864 3229 944 3281 oras
964 3201 1096 3282 ambiit
1115 3233 1219 3294 auro.

269 3337 437 3418 Crastina
455 3336 537 3435 lux,
568 3366 652 3419 mea
668 3338 695 3418 sr
714 3365 791 3418 non
808 3339 906 3419 irrita
920 3342 1017 3421 dista
1035 3346 1187 3452 putaris,

269 3479 443 3585 ingentes
460 3478 623 3557 Rutulae
642 3478 950 3588 speetabitcaedis
964 3511 1123 3570 acervos.
1199 3470 1202 3478 ¹
1247 3516 1337 3609 ²45

267 3617 446 3698 Dixerat:
479 3635 516 3698 ct
533 3619 661 3700 dextra
673 3617 860 3700 discedens
878 3621 1028 3730 impulit
1040 3625 1168 3726 altam,

268 3757 387 3839 Haud
404 3758 528 3867 ignara
542 3759 660 3858 modi,
680 3759 859 3869 puppim:
891 3761 988 3870 sugit
1002 3763 1065 3844 illa
1084 3795 1150 3879 per
1169 3767 1306 3875 undas,

268 3895 387 3976 Ocior
400 3914 438 3976 et
449 3896 575 4004 jaculo
591 3915 628 3977 et
646 3915 773 3977 ventos
795 3919 975 4006 aequante
992 3901 1131 4011 sagitta.

267 4032 362 4114 Inde
376 4031 468 4113 aliae
478 4034 638 4116 celerant
653 4035 792 4117 cursus.
822 4034 943 4147 stupet
961 4039 1095 4128 inscius
1105 4040 1182 4155 ipse

154 4266 157 4271 ,
267 4177 368 4265 Tros
378 4173 640 4279 Anchisiades,
670 4178 815 4261 animos
825 4195 952 4269 tamen
969 4181 1099 4271 omine
1111 4181 1222 4273 tollit.
1242 4172 1340 4297 2'5'0

1220 4323 1338 4454 Tum
