2872 5176
313 420 319 431 ·
389 360 710 467 Anuutnos
737 364 851 463 Ltn.
890 365 980 467 IX„
1094 406 1193 509 133

120 581 401 692 Tympenavos
417 572 614 683 buxusque
626 586 761 655 vomnt
779 569 1025 679 Berecynthia
1035 581 1174 666 menie

121 723 263 807 Idaeae.
294 713 624 810 sinitentmavirin,
655 710 823 795 etcedite
839 711 952 799 fetro.
1105 728 1196 816 620

120 861 443 970 Taliajaetantem
458 853 566 939 dietis
584 850 722 935 aedita
739 868 938 937 canentem

119 1001 216 1083 Non
232 998 318 1079 tulit
339 993 538 1090 Ascanium
571 1019 762 1104 nervoque
774 993 947 1081 obversus
962 1004 1107 1111 equino

121 1139 326 1223 Contendit
345 1137 479 1235 telum,
510 1133 725 1243 diversaque
735 1132 888 1217 brachia
904 1136 1046 1223 ducens

121 1279 309 1381 Constitit,
342 1294 426 1359 ante
438 1276 577 1383 Jovem
593 1273 925 1385 supplexpervotn
938 1301 1133 1389 precatus:

121 1419 268 1528 Jupiter
288 1418 539 1526 omnipotens,
571 1415 772 1497 audaeibus
784 1444 908 1501 annue
918 1423 1070 1534 coeptis.
1104 1431 1195 1542 625

120 1559 205 1670 Ipse
222 1559 291 1641 tibi
301 1560 349 1639 ed
361 1554 578 1662 tuntempla
594 1553 715 1643 feram
731 1555 895 1643 solennia
904 1560 1018 1670 dona,

120 1700 174 1783 Et
192 1699 352 1785 statuam
363 1714 447 1781 ante
462 1721 540 1777 aras
553 1714 677 1778 aurate
688 1697 813 1781 fronte
825 1700 1036 1807 juvencum
1054 1776 1060 1785 .

122 1839 372 1936 Gaudentem,
403 1836 838 1945 pariterquecaputcum
857 1844 1194 1953 mitescentem,

121 1980 212 2088 Jam
223 2006 342 2065 cornu
353 1995 468 2088 petat,
497 1977 708 2087 etpedibus
725 1980 792 2088 qui
811 1981 955 2091 sparget
964 2012 1131 2074 aretium.

123 2122 271 2218 Audiit,
297 2139 336 2201 et
346 2120 441 2203 meli
459 2120 606 2228 genitor
616 2119 663 2200 de
675 2139 779 2228 parte
792 2118 917 2203 serena
1102 2135 1194 2248 ⁶3⁰
1353 2182 1359 2191 .

122 2263 292 2349 Intonuit
308 2261 472 2346 laevum.
502 2262 606 2341 sonat
617 2289 691 2342 una
702 2258 825 2341 fatifer
838 2291 959 2362 arcun,

123 2403 176 2485 Et
186 2401 295 2512 fugit,
327 2399 560 2483 horrendum
571 2399 738 2497 strident,
766 2399 886 2512 elapsa
902 2403 1044 2514 ssgittn,
1182 2473 1187 2485 .

123 2542 271 2652 Perque
288 2560 400 2651 caput
412 2541 570 2625 Remuli
583 2542 696 2639 venit,
729 2558 765 2623 et
778 2569 868 2624 cava
878 2561 1050 2655 tempora
1061 2546 1166 2634 ferro

122 2685 292 2793 Trajicit.
322 2685 350 2782 i,
372 2684 493 2766 verbis
503 2684 678 2765 virtutem
697 2683 812 2804 illude
832 2685 1007 2796 superbis.
1102 2690 1193 2807 ⁶34

124 2826 186 2906 Bis
204 2825 302 2934 capti
317 2822 484 2934 Phryges
495 2823 587 2905 haec
600 2824 752 2906 Rutulis
771 2825 937 2934 responsa
954 2834 1163 2918 remitumt.

122 2965 232 3049 Haec
243 2983 392 3047 tantum
410 2964 602 3048 Ascanius.
635 2966 778 3048 Teucri
793 2965 957 3050 clamore
973 2973 1192 3084 sequuntur,

121 3104 355 3214 Laetitiaque
368 3104 547 3202 fremunt,
577 3104 795 3214 animosque
806 3105 854 3186 ad
867 3107 983 3192 fidem
999 3114 1150 3203 tollunt,

186 3245 364 3329 Aetheria
375 3264 461 3328 tum
470 3247 567 3329 forte
577 3247 687 3359 plaga
697 3248 850 3329 crinitus
868 3251 1017 3360 Apollo-

124 3386 293 3497 Desuper
303 3386 486 3468 Ausonias
496 3385 592 3467 acies
611 3385 818 3496 urbemque
829 3389 990 3491 videbat,

123 3527 242 3614 Nube
252 3527 392 3624 sedens,
405 3545 518 3636 atque
529 3525 587 3608 his
599 3527 781 3608 vitiorem
793 3526 925 3611 affatur
936 3533 1087 3619 lulum:
1102 3538 1191 3645 640

126 3666 256 3747 Macte
267 3694 365 3748 nova
374 3667 521 3764 virtute,
553 3694 663 3776 puer:
694 3667 745 3747 fic
766 3667 900 3748 iturad
916 3672 1022 3773 astra,

124 3805 197 3890 Dis
214 3807 350 3917 genite,
379 3825 417 3889 et
427 3807 594 3917 geniture
612 3807 713 3888 deos.
737 3808 821 3916 jure
834 3812 1073 3895 omniabella

127 3947 252 4027 Gente
263 3946 332 4028 sub
350 3947 514 4028 Affiraci
534 3947 612 4028 fato
631 3966 785 4029 ventura
795 3948 975 4035 resident:

124 4087 214 4173 Nec
226 4107 265 4175 te
279 4091 397 4199 Troia
412 4092 523 4201 capit
551 4090 664 4173 timul
684 4089 778 4177 haec
797 4092 944 4195 effatus,
974 4096 1022 4179 ab
1043 4095 1123 4181 ulto

122 4227 292 4323 ΛΜ
309 4230 491 4335 tenent,
522 4230 697 4343 spirantes
713 4233 882 4318 dimovet
897 4263 1016 4338 aurae,
1088 4242 1192 4349 '645

856 4445 866 4463 „
999 4448 1007 4456 .
1075 4377 1196 4461 Asca-
