2872 5176
328 346 424 419 122
504 316 556 412 P.
590 313 863 411 Vtucrtn
898 314 1179 415 Mauortis

38 574 42 583 -
162 570 200 597 -.
322 520 522 633 Militiam,
550 536 710 630 etgrave
724 516 862 601 Martis
886 520 994 628 op'us,
1015 537 1080 601 tua
1097 550 1246 608 cernere
1262 527 1362 612 facta

323 660 530 761 Μυσίαι,
559 660 691 772 primis
705 676 743 741 et
754 676 792 740 te
810 658 966 740 miretur
984 663 1032 740 ab
1050 664 1166 745 annis.

324 808 492 889 Arcadas
504 804 598 887 huic
614 803 758 914 equites
776 802 835 882 his
848 819 1016 901 centum,
1047 805 1182 887 robora
1195 811 1307 920 pubit

322 951 454 1048 Lecta,
472 946 593 1046 dab03
624 946 857 1054 totidemque
868 943 935 1024 suo
948 944 1016 1023 tibi
1027 948 1183 1031 nomine
1196 953 1331 1037 Pallas.

332 1162 337 1173 .
385 1092 520 1173 Vixoa
537 1087 637 1170 fatus
649 1106 744 1186 erat3
776 1082 967 1195 defixique
978 1113 1043 1165 ora
1060 1089 1235 1173 tenebant
1307 1122 1399 1209 φο

149 1206 152 1211 ’
321 1226 473 1316 Amas
486 1228 731 1313 Ancurara
758 1245 796 1308 et
812 1224 910 1307 fitur
928 1223 1105 1326 Achates,

324 1370 529 1482 Multaque
545 1369 639 1449 dura
655 1368 722 1449 suo
737 1365 831 1447 tristi
843 1393 937 1445 cum
950 1366 1062 1447 corde
1075 1368 1255 1476 putabant
1260 1409 1275 1472 ς

322 1509 382 1595 Ni
411 1511 562 1620 fignum
577 1508 685 1589 coelo
696 1504 883 1615 Cytherea
901 1504 1055 1586 dediiset
1071 1526 1212 1617 aperto.

323 1649 507 1758 Namque
517 1646 721 1757 improviso
739 1645 901 1727 vibratus
921 1644 969 1725 ab
981 1644 1130 1727 aethere
1146 1647 1273 1757 fulgor

323 1789 428 1871 Cum
440 1787 578 1877 ,sonitu
595 1787 759 1887 venit,'et
771 1814 877 1867 ruere
889 1785 1019 1865 omnia
1035 1787 1109 1869 viu
1127 1807 1290 1898 repente,
1304 1818 1357 1902 52
1365 1820 1391 1904 5

323 1926 621 2039 Tyrrhenusque
636 1930 748 2009 tubae
759 1928 906 2035 mugire
920 1955 986 2036 per
1000 1927 1148 2010 aethera
1165 1928 1329 2040 clangor.

322 2069 557 2183 suspiciunt:
588 2068 727 2151 iterum
748 2086 860 2178 atque
879 2069 1014 2149 iterum
1031 2066 1156 2180 fragor
1173 2069 1318 2156 intonat
1334 2074 1396 2155 in·

510 2237 614 2320 geue.

270 2358 277 2371 '
323 2355 447 2436 Arma
457 2351 552 2433 inter
569 2352 729 2450 hohern,
759 2349 854 2431 ooeli
872 2350 912 2431 in
929 2350 1081 2460 regione
1098 2351 1235 2453 serena,

323 2496 397 2577 Per
412 2491 548 2575 sudum
561 2491 709 2572 rutilare
726 2491 865 2588 vident,
896 2508 934 2570 et
952 2490 1057 2600 pulsa
1069 2511 1208 2579 tonare.

323 2631 561 2742 Obstupuere
582 2631 716 2711 animis
734 2630 823 2730 alii3
853 2631 916 2711 sed
930 2633 1073 2712 Tro'ius
1090 2632 1200 2715 heroo
1304 2662 1391 2748 530

323 2774 493 2885 Agnovit
513 2771 688 2868 sonitum,
719 2789 757 2851 et
774 2773 880 2853 divae
900 2774 1073 2881 promiffa
1087 2775 1259 2884 parentis.

321 2916 434 2999 Tum
450 2931 657 3035 memorat:
688 2941 736 2995 ne
753 2940 888 3023 quaere
903 2911 1048 3023 hospes,
1081 2943 1130 2996 ne
1148 2944 1284 3026 quaere
1301 2945 1392 3028 pto·

504 3054 619 3152 fecto,

321 3200 455 3305 Qem
472 3195 598 3275 casum
612 3210 779 3303 portenta
796 3193 934 3276 ferant:
952 3222 1025 3302 ego
1042 3195 1173 3306 poscor
1187 3188 1359 3309 olympo.

319 3338 414 3423 Hoc
433 3337 580 3446 fignurn
595 3336 731 3418 cecinit
746 3335 940 3416 miffuram
955 3337 1039 3417 diva
1056 3340 1224 3437 creatrix,

322 3480 362 3561 Si
381 3476 528 3561 bellum
547 3479 751 3586 ingrueret3
782 3476 1039 3587 Volcaniaque
1055 3508 1159 3562 arma
1169 3509 1235 3591 per
1252 3507 1359 3563 auras

317 3618 668 3705 Laturamauxiiio.
1236 3673 1239 3678 -
1297 3624 1385 3732 53⁶

317 3763 423 3863 Heu,
453 3776 613 3871 quantae
630 3757 770 3840 miseris
786 3758 916 3840 caedes
929 3759 1178 3841 Laurentibus
1195 3758 1352 3842 instant!

318 3904 425 4013 Qas
439 3929 577 4015 poenas
594 3899 704 3999 mihi,
724 3902 867 4001 Turne,
889 3899 1011 3983 dabis!
1044 3929 1163 4010 quam
1180 3899 1302 3983 multa
1318 3898 1387 3980 sub

501 4042 620 4124 undas

315 4179 578 4309 scortum,
608 4178 814 4305 utaque,
843 4176 1322 4306 carentanorum,
1375 4260 1378 4264 »

1260 4314 1388 4434 Tybri
