2872 5176
388 348 743 441 Aruernos
780 337 904 431 Lrn.
939 266 1000 433 lsa
1108 330 1203 431 181

137 549 202 631 Te
221 573 365 661 precor,
391 546 538 642 Alcide,
570 543 711 655 coeptis
728 540 939 650 ingentibus
956 537 1069 623 adsue

139 690 304 771 Cernant
319 685 496 768 semineci
509 683 575 765 fibi
586 711 650 763 me
663 710 791 794 rapere
807 708 910 763 arma
923 699 1088 777 cruenta,

139 830 412 935 Vitioremque
432 825 551 907 ferant
569 822 766 904 morientia
785 819 929 901 lumina
948 821 1085 902 Turni.

139 965 276 1047 Audiit
295 963 449 1044 Alcides
463 964 655 1070 juvenem,
688 984 946 1067 magnumque
963 959 1032 1040 sub
1049 960 1131 1043 imo

139 1104 266 1186 Corde
278 1103 415 1213 premit
428 1102 627 1214 gemitum,
659 1097 913 1209 lacrymasque
923 1097 1056 1181 effirdit
1066 1100 1206 1185 inanes.

141 1246 251 1325 Tum
264 1242 409 1353 genitor
427 1260 560 1324 natum
577 1241 684 1343 didis
697 1236 831 1318 affatur
842 1237 992 1322 amicis:
1115 1245 1205 1348 466

142 1385 220 1464 Stat
234 1386 298 1463 sua
318 1383 454 1489 cuique
472 1381 572 1460 dies:
604 1380 715 1459 breve
732 1395 770 1458 et
787 1377 1018 1489 irreparabile
1034 1400 1185 1494 tempus

143 1525 334 1605 Omnibus
351 1522 405 1602 est
422 1525 536 1602 vitae:
568 1521 629 1601 sed
649 1519 795 1603 samam
809 1523 1007 1605 extendere
1024 1527 1145 1633 sadis,

142 1665 233 1743 Hoc
245 1660 388 1741 virtutis
402 1687 509 1768 opus.
541 1660 679 1765 Trojae
692 1658 760 1741 sub
780 1661 976 1743 moenibus
987 1665 1068 1748 altis

143 1803 226 1882 Tot
246 1801 321 1881 nati
335 1799 501 1881 cecidere
516 1798 650 1879 deum:
683 1797 776 1907 quin
787 1798 924 1879 occidit
938 1830 1013 1883 una
1083 1814 1088 1823 '
1118 1835 1207 1924 470

145 1942 347 2053 Sarpedon,
380 1968 464 2020 mea
483 1939 694 2049 progenies:
725 1956 763 2019 et
774 1940 856 2046 jam
871 1954 934 2021 tua
951 1944 1133 2030 Turnum

145 2083 238 2162 Fata
252 2097 398 2176 vocant,
430 2079 619 2186 metatque
637 2078 712 2157 dati
729 2079 895 2185 pervenit
912 2083 961 2163 ad
977 2086 1070 2171 aevi.

147 2224 207 2304 sic
221 2224 286 2320 ait,
317 2240 429 2328 atque
447 2219 575 2300 oculos
591 2219 823 2298 Rutulorum
835 2221 952 2326 rejicit
967 2228 1075 2312 arvis.

209 2363 265 2439 At
281 2358 400 2439 Pallas
417 2358 564 2466 magnis
581 2356 719 2436 emittit
732 2356 871 2436 viribus
884 2354 1043 2461 hastam,
1207 2402 1210 2407 ·

149 2498 369 2607 Vaginaque
383 2523 473 2578 cava
489 2494 697 2603 fulgentem
718 2494 851 2606 deripit
866 2498 1004 2583 ensem.
1124 2534 1213 2627 475

149 2637 220 2716 illa
237 2635 378 2733 volans,
409 2635 559 2715 humeri
570 2635 723 2744 surgunt
739 2664 815 2743 qua
831 2639 997 2747 tegmina
1009 2641 1170 2749 summa,

151 2775 301 2871 Incidit,
331 2792 442 2882 atque
455 2775 556 2854 viam
574 2775 697 2884 clypei
712 2774 922 2886 molita-per
936 2809 1029 2884 oras,

120 2971 127 2984 ·
150 2915 329 2997 Tandem
340 2916 455 2996 etiam
468 2944 608 3024 magno
623 2915 768 2995 strinxit
786 2916 833 2995 de
851 2944 1004 3027 corpore
1019 2925 1157 3009 Turni.

152 3058 231 3141 Hic
249 3059 404 3138 Turnus
422 3056 521 3138 ferro
537 3056 748 3166 praefixum
764 3057 878 3137 robur
898 3080 1008 3144 acuto

151 3201 198 3279 ln
220 3196 385 3277 Pallanta
398 3197 464 3277 diu
475 3196 612 3279 librans
624 3198 728 3305 jacit,
758 3214 870 3307 atque
883 3200 934 3279 ita
945 3200 1063 3290 fatur:
1127 3210 1215 3318 480

152 3335 305 3447 Aspice,
333 3364 428 3417 num
450 3365 560 3446 mage
579 3337 621 3416 srt
636 3336 806 3416 nostrum
819 3341 1043 3446 penetrabile
1057 3346 1188 3434 telum.

153 3476 332 3573 Dixerat,
360 3494 399 3556 at
416 3477 608 3589 clypeum,
640 3493 696 3556 tot
713 3474 800 3555 ferri
818 3495 931 3588 terga,
954 3500 1009 3563 tot
1026 3488 1130 3585 aeris,

154 3619 261 3697 Cum
277 3614 386 3726 pellis
399 3617 506 3696 toties
523 3617 634 3696 obeat
645 3616 876 3697 circumdata
885 3623 992 3718 tauri,
1026 3588 1031 3594 Ι

154 3756 329 3837 Vibranti
340 3755 460 3866 cuspis
478 3756 652 3837 medium
665 3756 927 3840 transverberat
936 3763 1029 3864 ictu,

156 3898 389 4005 Loricaeque
407 3923 531 3977 moras
548 3914 587 3977 et
604 3900 733 4006 pedus
750 3899 912 4007 perforat
932 3902 1072 4013 ingens.
1135 3911 1192 4020 48
1200 3942 1224 4024 5

161 4036 233 4119 Ille
250 4039 345 4148 rapit
364 4037 528 4118 calidum
540 4037 674 4118 frustra
687 4038 734 4118 de
746 4040 894 4124 volnere
907 4044 1044 4129 telum:

158 4181 248 4262 Una
259 4178 466 4305 eademque
477 4178 536 4263 via
552 4178 770 4290 sanguisque
783 4184 1003 4300 animusque
1014 4189 1229 4302 sequuntur.

713 4320 758 4402 N
788 4350 811 4431 3
1085 4330 1223 4415 Corrui
