2872 5176
302 372 400 475 190
485 344 538 443 P.
569 344 841 441 Vrrornrr
873 344 1150 449 Maronis

296 547 570 650 Sternithumi,
600 574 784 660 cumquo
797 549 1000 660 Laugnm,
1029 552 1294 668 Palmumque
1310 556 1380 647 sua·

481 717 638 801 gacemr

297 830 372 916 Sed
385 832 576 941 Latagum
597 829 685 911 saxo
698 843 813 936 atque
834 827 976 938 ingenti
991 826 1177 939 fragmine
1195 839 1349 925 nrmt’n

294 974 471 1082 Occupet
481 998 525 1052 os
538 970 750 1077 faciemque
759 967 973 1051 adversam:
1003 970 1144 1080 poplite
1154 974 1348 1065 Palmum

296 1109 446 1195 Succiso
459 1109 560 1191 volvi
579 1107 731 1217 segnem
756 1105 861 1206 sinit;
893 1133 1072 1216 urnaque
1083 1110 1208 1195 lanso
1276 1144 1375 1233 7⁰⁰

296 1254 427 1343 Donat
442 1250 581 1333 habere
597 1249 778 1347 humeris,
808 1250 995 1331 etvertice
1009 1251 1124 1360 sigere
1134 1257 1277 1349 crisias,

295 1394 466 1477 Necnon
473 1395 660 1474 Evantem
679 1389 903 1499 Phrygium,
935 1392 1150 1505 Paridisque
1173 1400 1377 1490 Mimanta

293 1534 521 1645 Aequalem
540 1532 816 1641 comitemque:
848 1560 1058 1641 umquem
1071 1540 1183 1621 noue
1201 1540 1375 1632 Theano

294 1675 482 1759 Inluoem
493 1674 651 1786 genitori
664 1672 952 1783 Ampcodedit;
983 1690 1021 1761 et
1039 1672 1121 1759 faoe
1133 1705 1348 1793 prugum

292 1816 422 1901 Cisseis
438 1818 565 1926 regina
584 1817 694 1897 Parin
705 1833 825 1896 creat:
855 1814 947 1895 urbe
960 1833 1112 1925 paterna
1274 1854 1340 1941 7⁰
1344 1856 1371 1943 ς

295 1954 375 2038 Hic
392 1956 524 2054 crrbat3
553 1955 727 2064 ignarrmr
741 1956 908 2035 Laurens
927 1951 1117 2037 habetora
1129 1958 1342 2051 Mimanta.

295 2098 357 2180 Ac
370 2095 473 2179 velut
490 2094 553 2177 ille
571 2122 711 2177 canum
727 2091 855 2175 morsu
872 2092 920 2173 de
938 2094 1111 2203 gentibus
1130 2098 1214 2182 aitis

294 2228 415 2319 Anus
435 2263 538 2347 aper,
568 2235 710 2316 multos
727 2231 887 2317 Vesulus
903 2259 1020 2341 quem
1033 2234 1171 2344 pinifer
1184 2266 1311 2327 annos
1358 2316 1361 2321 .

292 2374 488 2474 Defendit,
518 2373 731 2486 multosque
745 2373 851 2487 palus
862 2374 1078 2473 Laurentia,
1108 2376 1209 2479 fissa
1275 2412 1369 2499 7⁰9

294 2514 425 2597 Pastus
434 2514 649 2614 arundinea,
680 2514 881 2626 postquam
898 2515 994 2597 inter
1010 2514 1102 2597 retia
1128 2538 1289 2605 ventum
1299 2524 1370 2629 est,

292 2653 472 2754 Substitit,
503 2652 769 2762 infremuitque
778 2653 899 2759 ferox,
914 2667 953 2732 et
969 2650 1308 2747 inhorruitarmoe.

292 2795 335 2875 N
336 2822 380 2875 ec
396 2795 577 2905 cuiquam
595 2795 697 2877 irasci
711 2794 908 2907 propiusve
925 2796 1100 2878 accedere
1116 2801 1245 2901 virtus,

291 2939 365 3020 Sed
378 2938 510 3049 jaculis
519 2939 680 3048 tutisque
694 2937 829 3049 procul
840 2937 1069 3020 clamoribus
1084 2939 1233 3029 instant.

292 3078 362 3160 Ille
379 3099 505 3159 autem
518 3079 729 3190 impavidus
749 3098 869 3190 partes
886 3082 1081 3160 condatur
1095 3082 1136 3162 in
1153 3112 1305 3187 ornnes,

290 3221 480 3304 Dentibus
491 3219 716 3319 infrendens,
747 3239 786 3301 et
803 3239 908 3331 tergo
927 3220 1069 3301 decutit
1081 3221 1216 3313 instas.
1268 3254 1326 3343 7¹
1337 3254 1363 3341 5

291 3363 410 3447 Haud
419 3363 538 3462 aliter,
562 3364 682 3472 justae
700 3363 836 3472 quibus
854 3365 911 3445 est
921 3365 1137 3446 Mezentius
1155 3369 1243 3469 irae,

290 3504 387 3586 Non
403 3502 471 3583 ulli
490 3503 545 3585 est
556 3504 703 3586 animus
714 3503 839 3587 strido
856 3528 1075 3588 concurrere
1091 3505 1212 3595 ferro:

290 3644 494 3735 Missilibus
507 3645 632 3757 longe,
661 3664 700 3729 et
710 3646 813 3729 vasto
824 3646 987 3730 ciamore
999 3645 1189 3737 incedunt.

289 3786 453 3868 Venerat
466 3788 627 3898 antiquis
645 3787 764 3868 Coriti
780 3788 828 3869 de
841 3787 977 3869 finibus
996 3789 1138 3887 Acron,

286 3926 425 4036 Grajus
454 3927 587 4028 homo,
628 3926 785 4013 infestos
810 3928 982 4040 linquens
1009 3926 1189 4040 profugus
1219 3926 1367 4038 hyme-

474 4097 597 4153 naeos.
1271 4098 1366 4185 720

234 4321 237 4325 ¹
289 4206 485 4293 Huncobi
502 4211 721 4299 andoenum
731 4209 847 4331 ionge
858 4209 982 4296 media
999 4209 1151 4325 agmina
1171 4208 1284 4307 vidit,¹

1255 4348 1367 4432 Pur·
