2872 5176
344 415 346 418 ’
404 384 1020 494 ΑΕΝΕιυοεῑη.ῙΧ.-’
1114 384 1211 527 147
1270 345 1277 358 .

141 603 185 686 H
187 631 260 686 unc
274 601 352 683 fine·
363 629 425 682 me
439 601 584 682 turbare
599 600 772 709 globum,
786 612 824 680 et
833 619 919 710 rege
934 598 1007 681 tela
1017 625 1085 712 per
1094 588 1214 684 ouras}

140 747 318 827 Dixerat}
348 752 477 825 eltuto
490 742 662 824 connisus
680 770 847 853 corpore,
867 743 1011 826 ferrum
1120 772 1213 855 410
1261 777 1263 780 ’

140 887 318 994 Conji'eit.
348 882 451 965 hasta
462 883 589 965 volans
607 885 727 964 noCtis
740 884 947 965 diverberat
964 885 1131 990 umbras,

139 1026 192 1107 Et
211 1029 315 1108 venit
334 1025 473 1106 adversa
491 1026 530 1104 in
546 1021 697 1134 tergum
716 1023 921 1122 Sulmonis,¹
949 1026 1079 1136 ibique
1202 1012 1206 1019 ⁵

139 1164 352 1276 Frangitur,
384 1192 428 1245 ac
447 1150 526 1245 fisso
541 1161 665 1244 transrt
675 1161 888 1272 praecordia
899 1161 1016 1272 ligno.

142 1304 316 1387 Volvitur
334 1304 410 1402 ille,
442 1331 598 1384 vomens
609 1302 776 1381 calidum
795 1301 842 1382 de
857 1305 1006 1413 pedore
1018 1300 1163 1385 flumen

138 1447 325 1556 Frigidus,
356 1463 395 1526 et
408 1445 528 1554 longis
545 1430 765 1551 fingultibus
778 1441 840 1521 ilia
857 1433 988 1552 pulsat.
1118 1454 1210 1557 413

140 1585 287 1666 Diverfi
304 1584 622 1693 circumspiciunt.
654 1580 729 1663 hoc
743 1583 862 1663 acrior
879 1584 983 1665 idem
1203 1574 1207 1579 ⁸

139 1725 242 1805 Ecce
260 1724 361 1805 aliud
379 1722 527 1805 summa
541 1723 662 1804 telum
680 1722 837 1804 librabat
850 1722 897 1803 ab
913 1751 1001 1805 aure
1009 1763 1023 1824 t
1257 1808 1260 1813 ,

138 1868 251 1948 Dum
263 1866 464 1978 trepidant(
490 1866 521 1946 lt
532 1864 636 1947 hasta
646 1866 758 1975 Tago
768 1890 835 1976 pet
846 1880 996 1977 tempus
1006 1860 1213 1980 unumque

139 2006 314 2108 Stridens,
348 2007 575 2116 trajectoque
589 2003 704 2086 haesit
723 2004 905 2117 tepefadla
922 2005 1087 2091 cerebro.
1196 1994 1204 2017 ⁸

139 2150 261 2231 Saevrt
271 2168 379 2231 atrox
392 2148 583 2247 Volsceus,
594 2174 663 2229 nec
680 2147 744 2228 teli
758 2148 937 2269 conspicit
949 2149 1224 2277 usquam4zo,

140 2292 362 2390 Auderem,
395 2318 464 2371 nec
483 2319 560 2401 quo
580 2290 617 2369 se
634 2288 788 2370 ardens
778 2289 981 2370 immittere
991 2288 1115 2399 poffit.
1200 2333 1205 2342 ·

138 2426 206 2510 Tu
223 2440 350 2511 tamen
368 2429 507 2510 interea
520 2428 642 2510 calido
655 2425 939 2538 mihisanguine
951 2458 1092 2542 poenas

138 2566 325 2650 Persolves
338 2552 553 2667 amborum,
586 2569 729 2679 inquit.
759 2568 873 2651 timul
890 2569 976 2653 ense
993 2570 1203 2654 recluso

93 2783 97 2790 .
137 2710 252 2790 Ibat
241 2739 280 2790 m
298 2709 521 2819 Euryalum.
553 2727 639 2790 tum
651 2736 753 2809 vtro,
784 2712 988 2815 exterritus,
1007 2736 1138 2795 arnens

138 2851 362 2931 Conclamat
379 2851 512 2935 Nisus:
542 2878 612 2931 nec
625 2850 661 2931 se
672 2852 790 2933 celare
806 2852 999 2971 tenebris„
1112 2876 1169 2962 42
1178 2874 1204 2967 5
1290 2859 1301 2877 ’

138 2992 329 3102 Amplius,
360 3010 425 3073 aut
437 3011 587 3074 tantum
603 2993 726 3102 potuit
745 2976 905 3103 perferre
921 2991 1116 3076 dolorem:
1199 2968 1204 3043 Ῐ

137 3131 222 3230 Me,
240 3160 316 3229 me,
338 3131 482 3230 adsum,
500 3132 567 3243 qui
587 3131 673 3232 feci,
694 3132 733 3212 in
752 3160 816 3212 me
834 3135 1037 3215 convertite
1045 3130 1206 3233 fernum

138 3276 177 3354 Ο
197 3273 345 3356 Rutuli.
377 3302 463 3356 mea
479 3275 577 3356 fraus
593 3273 716 3356 omnis
725 3313 738 3371 3
768 3270 866 3354 nihil
880 3273 947 3356 iste
964 3302 1035 3358 nec
1051 3276 1172 3377 ausus,
1197 3308 1200 3313 ·

136 3414 224 3495 Nec
243 3417 383 3526 aaut:
416 3417 566 3498 coetum
584 3415 672 3513 noc,
699 3412 739 3496 ‘et
756 3413 905 3497 conscia·
916 3414 1032 3500 ruera
1047 3401 1201 3503 testor(

137 3556 310 3639 Tantum
327 3556 517 3640 infelicem
531 3559 696 3639 nimium
709 3557 840 3639 dilexit
854 3558 1037 3646 amietnn'.
1112 3559 1205 3677 439'

136 3696 248 3777 rura
261 3699 362 3779 droa
379 3700 508 3782 sanat:
540 3676 1023 3783 sed'viribusenfisadatt'ns
1175 3734 1201 3741 ι»

135 3837 490 3939 Transabiitcostas,
510 3858 560 3921 tt
576 3840 727 3949 pedore
740 3836 897 3922 candida
911 3841 1070 3975 rumpi.
1198 3876 1202 3881 ·

137 3975 312 4061 Volvitur
326 3980 511 4092 Euryalus
523 3979 640 4077 letho
671 3976 921 4090 pulchrosque
935 4006 1002 4093 per
1013 3998 1114 4064 artus
1195 4088 1200 4097 ι

138 4115 175 4200 it
187 4146 310 4220 cruor
342 4121 457 4233 inque
474 4114 650 4204 humeros
663 4121 790 4202 cervix
802 4116 967 4236 collapsa
975 4122 1178 4209 recumbrt

138 4258 385 4381 Purpureus
371 4258 485 4347 veluti
501 4286 597 4345 cum
605 4261 681 4346 flos
686 4260 846 4346 suetinsi
858 4280 986 4345 aratro
1114 4290 1171 4374 43
1181 4287 1206 4377 ς
1226 4242 1229 4247 ’

681 4403 717 4522 L
749 4428 772 4489 2
1107 4402 1213 4486 11²⁰·
