2872 5176
156 402 161 413 .
204 348 208 361 ·
275 358 340 457 50
456 330 1128 433 P.V1rorr11Maaonrr

273 531 378 641 Ergo
408 529 477 611 iter
510 532 707 642 inceptum
742 553 935 643 peragunt,
971 536 1164 650 fluvioque
1196 547 1353 657 propin.

488 690 589 757 uani.

273 813 414 897 Navita
428 700 523 923 qiios
534 813 617 922 jam
628 812 715 915 inde
724 815 897 923 utStygia
908 817 1096 927 prospexit
1102 821 1150 905 ab
1162 825 1262 906 unda
1265 857 1287 937 3
1296 829 1319 909 8
1328 857 1352 938 5

145 978 151 987 ·
272 957 346 1039 Per
364 956 520 1039 tacitum
539 983 674 1039 nemus
692 954 759 1054 ire,
786 957 1000 1067 pedemque
1026 960 1215 1049 advertere
1232 967 1349 1077 ripae,

274 1096 336 1177 Sic
351 1095 451 1204 prior
463 1093 674 1203 aggreditur
692 1095 812 1195 dinis,
836 1115 946 1205 atque
966 1098 1134 1213 increpat
1155 1105 1277 1190 uitro:

272 1235 454 1347 Quisquis
471 1262 525 1339 es,
543 1253 708 1322 armatus
725 1237 792 1347 qui
811 1238 936 1321 nostra
957 1241 1005 1322 ad
1022 1240 1180 1327 flumina
1194 1251 1327 1352 tendis,

270 1376 367 1459 Fare
398 1403 479 1486 age,
516 1375 610 1485 quid
640 1378 788 1461 veniasr
823 1380 905 1486 jam
940 1380 1048 1463 istinc
1076 1402 1115 1469 et
1138 1391 1351 1503 comprime

454 1515 628 1626 gressum.
1260 1533 1346 1641 389

271 1659 510 1742 Umbrarum
522 1656 586 1738 hic
608 1658 712 1740 locus
729 1656 796 1757 est,
814 1659 947 1761 somni,
967 1665 1160 1776 noctisque
1177 1669 1348 1783 soporae:

269 1802 440 1913 Corpora
456 1799 540 1879 viva
555 1796 658 1879 nefas
675 1798 801 1906 Stygia
819 1802 963 1882 vestare
989 1805 1125 1891 carina.

270 1943 359 2026 Nec
374 1970 463 2024 vero
481 1941 643 2022 Alciden
663 1968 726 2021 me
745 1938 829 2020 sum
844 1940 995 2024 laetatus
1008 1965 1162 2031 euntem

268 2083 466 2196 Accepisse
486 2083 582 2180 lacu,
613 2109 683 2169 nec
704 2079 864 2182 Thesea,
886 2083 1189 2200 Piriuroumque,

267 2226 340 2315 Dis
358 2253 577 2338 quanquam
594 2223 723 2333 geniti,
740 2243 849 2332 atque
866 2225 993 2306 invini
1007 2229 1145 2315 viribus
1164 2233 1290 2319 essent.

267 2366 495 2451 Tartareum
520 2364 582 2446 ille
602 2392 718 2445 manu
737 2363 931 2445 custodem
950 2366 987 2445 in
1007 2368 1129 2451 vincla
1141 2373 1286 2482 petivit,

268 2505 423 2615 Ipsrusa
440 2505 531 2587 solio
551 2504 646 2611 regis
665 2505 853 2612 traxitque
874 2523 1120 2592 trementem:
1256 2523 1343 2627 3⁹⁶

268 2646 326 2725 Hi
344 2645 540 2726 dominam
554 2643 653 2723 Ditis
672 2641 839 2725 thalamo
857 2646 1039 2729 deducere
1053 2650 1184 2736 adorti.

266 2791 376 2890 Quae
394 2806 522 2869 eontra
540 2785 697 2866 breviter
710 2783 785 2864 fata
800 2784 853 2863 est
863 2786 1091 2896 Amphrysia
1109 2810 1221 2883 vater.

265 2930 407 3015 Nullae
421 2926 484 3009 hic
501 2927 650 3009 insidiae
668 2924 784 3025 tales;
810 2926 940 3015 absiste
958 2932 1124 3030 moveri;

265 3071 353 3153 Nec
371 3069 450 3151 vim
462 3067 535 3147 tela
554 3066 701 3147 serunt:
735 3065 821 3149 licet
836 3067 1112 3176 ingensjanitor
1129 3091 1235 3156 antro
1251 3103 1341 3182 490

266 3214 477 3291 Aeternum
497 3208 631 3288 latrans
648 3234 833 3314 exangues
848 3226 978 3289 terreat
1001 3211 1178 3312 umbram

265 3347 375 3429 casta
394 3346 480 3425 licet
496 3346 616 3452 patrui
632 3343 746 3424 servet
764 3345 979 3455 Proserpina
994 3347 1126 3440 limen.

263 3491 409 3571 Troius
427 3491 585 3584 Aeneas,
608 3486 742 3596 pietate
763 3485 913 3594 insignis
933 3506 969 3569 et
988 3492 1115 3589 armis,

263 3629 330 3711 Ad
347 3627 556 3738 genitorem
574 3628 669 3707 imas
687 3626 800 3709 Erebi
822 3626 1009 3710 descendit
1030 3631 1077 3711 ad
1093 3630 1258 3715 umbras.

262 3773 300 3853 Si
318 3788 354 3853 te
371 3769 475 3851 nulia
492 3786 621 3868 movet
637 3786 759 3848 tantae
777 3768 921 3876 pietatis
940 3771 1081 3879 imago,
1245 3798 1304 3878 40
1311 3801 1335 3884 ς

262 3914 317 3991 At
329 3938 481 4001 ramum
506 3907 624 4010 hunc,
641 3909 759 4019 aperit
780 3937 932 3991 ramum
943 3911 1009 4019 qui
1030 3909 1129 3993 veste
1142 3909 1293 4013 latebat,

264 4051 465 4161 Agnosces.
497 4051 644 4131 tumida
654 4079 703 4133 ex
720 4050 774 4133 ira
792 4067 878 4133 tum
896 4051 1010 4135 corda
1027 4051 1202 4140 rendunt

259 4197 302 4276 N
304 4224 347 4278 ee
364 4193 470 4306 plura
488 4192 560 4283 his.
592 4192 655 4278 ille
673 4193 859 4285 admirans
873 4193 1081 4317 venerabile
1097 4193 1248 4320 donum

368 4334 372 4349 '
1205 4334 1349 4427 Fatalis
