2872 5176
392 367 710 458 Anuurnos
750 362 859 458 Lru.
897 355 960 459 νς
1140 390 1201 493 27

138 564 249 649 Heu!
269 567 420 649 miserae
434 566 555 648 cives?
582 594 660 667 non
670 563 832 666 hostem,
847 566 1073 677 inimicaque
1084 565 1214 650 castra-

137 707 336 816 Argivum,
355 705 489 787 vestras
508 707 601 816 spes,
620 707 736 786 uritis.
769 734 829 803 en,
848 735 919 817 ego
936 709 1053 790 vester

111 844 328 935 ,Ascanius
360 845 504 954 galeam
523 864 607 926 ante
628 846 739 954 pedes
750 848 903 956 projecit
915 848 1079 948 inanem,
1143 910 1147 919 -

137 987 233 1092 Qaa,
246 985 336 1068 ludo
350 987 499 1066 indutus
513 986 602 1066 belli
616 985 809 1066 simulacra
826 987 957 1073 ciebat.

137 1125 331 1208 Accelerat
341 1126 451 1208 fimul
460 1125 730 1224 Aeneas,s1mul
742 1126 1168 1245 agminaTeucrumrd7
1174 1152 1198 1242 5

137 1264 209 1344 Ast
225 1265 310 1346 illae
329 1263 468 1345 diversa
485 1282 588 1346 metu
608 1292 674 1374 per
691 1265 798 1346 litora
811 1265 944 1376 passim'

139 1400 367 1511 Diffugiunt,
399 1402 573 1513 silvasque
592 1422 641 1501 et,
663 1403 779 1484 ficubi
794 1424 967 1502 concava,
983 1403 1127 1487 furtim-
1202 1438 1206 1453 ·

140 1540 235 1621 Saxa
250 1558 403 1651 petunta
435 1541 537 1651 piget
556 1542 706 1650 incepti,
738 1540 1111 1654 lucisque:-suosque
1162 1600 1166 1606 -

138 1677 309 1760 Mutatae
326 1678 543 1788 agnoscunt,
561 1679 782 1788 excussaque
798 1683 948 1790 pedore
961 1682 1063 1787 Juno
1074 1682 1140 1764 esti
1167 1766 1172 1777 ,

139 1816 211 1899 Sed
231 1845 307 1898 non
326 1818 466 1898 idcirco
484 1817 660 1899 flammae
678 1835 791 1926 atque
808 1817 979 1898 incendia
991 1817 1085 1901 vires
1108 1819 1214 1923 ¹680,
1276 1874 1287 1913 -,

138 1954 344 2038 Indomitas
359 1958 533 2067 posuere:
566 1958 643 2038 udo
658 1958 725 2038 sub
746 1958 880 2038 robore
897 1956 988 2038 vivit

136 2094 289 2205 Stuppa,
310 2124 466 2177 vomens
478 2097 627 2176 tardum
644 2095 821 2176 fumum:
853 2095 1046 2205 lentusque
1064 2097 1203 2180 carinas
1279 2170 1283 2175 .
1405 2080 1408 2086 ¹

10 2304 13 2311 .
138 2233 205 2312 Est
224 2261 352 2345 vapor,
383 2251 516 2315 ettoto
529 2232 715 2313 descendit
732 2260 886 2340 corpore
905 2234 1038 2343 pestis:
1123 2290 1129 2329 :

137 2372 225 2453 Nec
239 2372 333 2453 vires
352 2371 512 2452 heroum
532 2371 725 2480 infusaque
737 2371 894 2452 flumina
906 2372 1071 2483 prosunt.
1134 2425 1137 2431 .

137 2512 247 2591 Tum
262 2513 345 2622 pius
357 2513 503 2592 Aeneas
524 2509 691 2591 humeris
702 2508 912 2591 abscindere
923 2510 1077 2616 vestem,
1112 2513 1167 2600 68
1173 2537 1198 2629 ς
1276 2592 1284 2603 ,

134 2651 367 2762 Auxilioque
385 2678 516 2732 vocare
533 2652 635 2755 deos,
668 2669 704 2729 et
716 2649 865 2751 tendere
882 2650 1048 2759 palmas:

136 2790 282 2899 Jupiter
293 2792 545 2900 omnipotens,
578 2791 791 2870 finondum
814 2790 945 2869 exosus
965 2791 1013 2869 ad
1030 2820 1151 2873 unum
1234 2848 1238 2853 -

135 2930 332 3039 Trojanos,
361 2930 497 3039 siquid
515 2931 629 3038 pietas
646 2928 797 3035 antiqua
813 2927 966 3008 labores>
1045 2982 1049 2991 -

136 3070 301 3180 Respicit
313 3067 519 3166 humanos3
548 3068 596 3148 da
610 3067 806 3148 flammam
820 3067 973 3151 evadere
987 3061 1088 3149 claffi

134 3207 178 3305 N
180 3238 266 3313 unc,
276 3228 390 3319 pater,
400 3227 436 3289 et
453 3229 579 3291 tenues
587 3210 781 3289 Teucrum
797 3234 852 3286 res
864 3210 963 3316 eripe
977 3207 1195 3318 lethotdpo

135 3350 209 3432 Vel
223 3370 277 3450 tu,
306 3350 409 3461 quod
429 3349 600 3460 superest,
630 3347 762 3428 infesto
774 3344 934 3429 fulmine
951 3352 1076 3447 morti,

136 3491 175 3571 ai
191 3516 350 3590 mereor,
382 3492 549 3586 demitte,
585 3508 723 3597 tuaque
741 3488 804 3569 hic
821 3490 937 3571 obrue
956 3494 1095 3574 dextra.
1186 3575 1189 3583 ,

134 3629 213 3711 Vix
230 3630 323 3711 haec
341 3630 515 3727 ediderat,
529 3657 633 3725 curn,
652 3628 774 3709 effusis
789 3628 982 3730 imbribus,
1000 3649 1078 3712 atra

133 3770 354 3882 Tempestas
373 3772 447 3851 fine
461 3799 566 3852 more
584 3770 687 3865 furit,
718 3770 931 3878 tonitruque
949 3772 1166 3853 tremiscunt

133 3909 265 3990 Ardua
277 3927 470 4010 terrarum,
489 3929 527 3995 et
545 3909 689 4019 campi:
725 3908 799 3987 ruit
820 3909 965 3990 aethere
979 3931 1058 3991 toto
1108 3913 1194 4019 695

134 4047 329 4131 Turbidus
361 4051 482 4132 imber
508 4080 619 4161 aqua,
666 4048 855 4157 denfisque
884 4051 1104 4158 nigerrimus
1129 4076 1199 4127 au-

319 4188 423 4274 stris:

1033 4278 1202 4434 Implen-
