2872 5176
371 348 701 441 Aruernos
743 335 1020 437 urnvln.
1133 346 1229 445 103

166 548 390 669 Nymphae,
408 549 611 630 Laurentes
622 540 827 654 nymphae,
841 567 960 652 genus
972 541 1146 625 erunibus
1158 568 1233 623 un-

351 693 400 772 de
423 688 490 788 est,

170 835 323 945 Tuque,
350 860 375 912 o
393 828 517 938 Tybri
528 843 594 906 tuo
606 823 750 934 genitor
762 851 854 905 cum
866 822 1023 907 flumine
1034 824 1173 927 saneto,

168 975 343 1084 Accipite
360 973 529 1067 Aenean,
559 985 597 1047 et
608 967 760 1047 tandem
778 984 898 1048 arcete
915 968 1073 1078 periclis.
1231 1030 1235 1037 .

169 1119 263 1216 Quo
279 1130 315 1193 te
326 1136 476 1219 cunque
487 1108 590 1188 lacus
603 1105 839 1190 miserantem
855 1108 1100 1190 incommoda
1113 1105 1237 1192 nostre

169 1257 290 1337 Fonte
305 1268 417 1348 tenet,
431 1273 658 1359 quocunque
672 1244 750 1326 solo
768 1244 1042 1355 pulcherrimus
1059 1249 1139 1331 exis
1147 1288 1160 1346 ς
1175 1278 1201 1363 7
1208 1275 1235 1360 ς

170 1398 324 1506 Semper
337 1390 480 1472 honore
493 1417 595 1487 meo,
633 1387 776 1498 semper
804 1386 1036 1471 celebrabere
1054 1389 1176 1487 donis,
1262 1458 1264 1464 .

172 1537 356 1643 Corniger
373 1528 627 1638 Hesperidum
644 1526 778 1607 fluvius
796 1546 965 1636 regnator
979 1557 1178 1640 aquarum.
1229 1588 1233 1593 -
1361 1586 1364 1591 -

172 1678 284 1760 Adsis
301 1703 327 1755 o
340 1673 508 1768 tandem,
538 1688 577 1751 et
589 1670 744 1780 propius
759 1673 992 1751 tuanurnina
1005 1672 1146 1753 firmes.
1227 1714 1232 1729 -·

173 1820 234 1900 sic
255 1831 454 1909 memorat,
485 1809 725 1921 geminasque
736 1808 826 1918 legit
842 1810 890 1891 de
904 1811 1011 1892 classe
1021 1812 1200 1913 biremes,
1232 1816 1236 1825 '

105 1958 107 1963 ’
174 1956 428 2065 Remigioque
447 1968 566 2062 aptet,
596 1950 714 2031 socios
731 1950 843 2031 fimul
859 1950 1006 2033 instruit
1017 1952 1140 2037 armis.
1180 1953 1241 2036 to

174 2098 276 2176 Ecce
284 2109 411 2173 autem
422 2089 588 2171 subitum
596 2089 829 2197 atqueoculis
837 2091 1006 2172 mirabile
1015 2093 1245 2189 monstrum

176 2233 346 2315 Candida
356 2259 422 2341 per
436 2230 563 2310 silvam
579 2257 671 2309 cum
688 2229 792 2308 foetu
809 2230 985 2310 concolor
1004 2232 1092 2313 albo

178 2372 397 2471 Procubuit,
429 2370 614 2480 viridique
631 2370 670 2448 in
689 2368 794 2449 litore
805 2369 1028 2481 conspicitur
1042 2372 1119 2455 sus:
1207 2402 1209 2407 ·
1236 2402 1239 2407 ·

177 2518 310 2620 Qam
327 2512 411 2622 pius
424 2514 572 2593 Aeneas
585 2510 652 2591 tibi
670 2511 788 2612 enim,
807 2511 888 2611 tibi,
908 2516 1077 2599 maxima
1093 2515 1216 2622 Juno,
1235 2566 1239 2577 ·

176 2655 335 2751 Marta,
364 2651 461 2732 sacra
479 2651 615 2751 serens,
640 2670 678 2733 et
700 2680 791 2733 cum
805 2681 916 2763 grege
930 2655 1019 2736 sistit
1034 2656 1081 2737 ad
1094 2684 1210 2741 arant.

179 2793 321 2903 Tybris
333 2819 377 2872 ea
398 2791 570 2890 fluvium,
583 2820 699 2899 quam
714 2792 825 2901 longa
833 2792 898 2892 est,
908 2797 1018 2874 node
1030 2813 1243 2877 tumentem

177 2934 316 3031 Leniit,
347 2950 385 3013 et
402 2933 512 3012 tacita
524 2933 682 3014 refluens
699 2935 750 3013 ita
760 2933 918 3015 substitit
931 2937 1053 3035 unda;
1183 2938 1242 3051 87

179 3077 287 3157 Mitis
307 3090 349 3153 ut
368 3073 407 3152 in
427 3099 576 3153 morem
591 3073 710 3181 stagni
726 3072 965 3185 placidaeque
982 3077 1127 3186 paludis

178 3219 360 3303 Sterneret
384 3240 510 3320 aequor
536 3213 655 3321 aquis,
692 3241 799 3295 remo
823 3232 866 3295 ut
890 3213 1080 3299 luctamen
1098 3213 1243 3297 abesset.

181 3359 283 3465 Ergo
303 3356 370 3441 iter
386 3355 580 3460 inceptum
595 3354 755 3435 celerant
767 3382 917 3439 rumore
936 3357 1120 3441 secundo:
1185 3384 1243 3469 90

180 3497 336 3578 Labitur
354 3497 467 3574 uncta
484 3494 586 3573 vadis
603 3495 725 3577 abies:
754 3496 936 3576 mirantur
948 3516 986 3578 et
1002 3496 1137 3600 undae,

180 3637 343 3717 Miratur
371 3660 505 3715 nemus
523 3632 712 3724 insuetum
728 3631 909 3744 fulgentia
920 3635 1033 3747 longe

180 3780 293 3858 Scuta
311 3776 448 3874 virum,
481 3773 598 3855 fluvio
611 3776 799 3885 pistasque
811 3776 938 3857 innare
950 3779 1101 3859 carinas.
1156 3864 1161 3874 ,

181 3917 261 4001 Olli
279 3916 438 4024 remigio
447 3919 674 4026 noctemque
687 3916 863 4027 diemque
879 3917 1045 4027 fatigant,

182 4058 234 4138 Et
247 4056 378 4163 longos
391 4054 562 4164 superant
582 4055 715 4153 flexus,
745 4056 924 4167 variisque
933 4073 1110 4168 teguntur
1187 4083 1246 4170 95

183 4193 407 4309 Arboribus,
423 4191 627 4315 giridesque
641 4196 764 4298 secant
780 4195 928 4308 placido
948 4225 1109 4310 aequore
1131 4192 1250 4289 silvas.

1184 4334 1248 4425 Sol
