2872 5176
379 327 1013 429 AaurrooernVIII.
1122 364 1215 436 121

148 533 299 623 Armati
312 532 598 632 circumfistunt,
615 531 828 643 ipsumque,
847 532 1105 645 domumque:
1127 565 1228 651 490.

148 683 386 763 Obtruncant
401 679 530 779 socios,
564 678 692 785 ignem
710 675 759 757 ad
776 674 1083 785 fastigiajadtant.

150 824 221 906 Ille
238 821 333 902 inter
351 819 481 901 caedes
499 815 732 899 Rutulorum
750 815 892 926 elapsus
920 818 960 898 in
975 845 1083 928 agros

150 963 380 1073 Confugere,
416 979 454 1042 et
474 960 599 1042 Turni
614 958 805 1041 defendier
818 958 972 1071 hospitis
988 963 1114 1052 armis.
1221 1036 1225 1045 .

150 1108 256 1213 Ergo
275 1104 400 1185 omnis
419 1101 525 1184 furiis
538 1100 693 1182 surrexit
710 1100 860 1182 Etruria
872 1100 999 1211 justis.
1130 1132 1221 1218 494

151 1249 304 1356 Regem
319 1245 367 1325 ad
386 1243 613 1354 supplicium
626 1241 806 1352 praesenti
821 1242 947 1325 Marte
963 1245 1173 1358 reposcunt.
1220 1316 1225 1324 .

153 1389 312 1497 Hisego
330 1405 382 1490 te,
415 1388 557 1484 Aenea,
587 1383 785 1464 dudiorem
813 1382 981 1466 millibus
1001 1387 1153 1475 addam.

154 1528 260 1607 Toto
277 1549 441 1631 namque
453 1522 622 1604 fremunt
639 1520 843 1603 condensae
860 1522 967 1604 litore
985 1552 1143 1638 puppes,

157 1667 344 1775 Signaque
365 1661 460 1743 ferre
469 1664 622 1771 jubent:
663 1661 795 1742 retinet
815 1660 1014 1771 longaevus
1026 1667 1198 1779 aruspex,

155 1808 250 1888 Fata
267 1829 422 1885 canens:
454 1832 480 1884 o
497 1799 697 1883 Maeoniae
712 1799 855 1882 delecta
868 1799 1056 1907 juventus,
1132 1831 1223 1918 499

155 1943 247 2027 Flos
262 1959 432 2025 veterum
442 1941 629 2052 virtusque
640 1942 777 2040 virum,
790 1940 1062 2051 quosjustusin
1076 1940 1226 2028 hostem

156 2089 192 2169 F
192 2105 248 2168 ert
258 2085 378 2182 dolor,
408 2102 446 2165 et
459 2087 591 2168 merita
607 2086 776 2167 accendit
789 2084 1007 2167 Mezentius
1025 2089 1079 2168 ira
1090 2129 1105 2188 3
1221 2148 1226 2157 -

158 2225 273 2307 Nulli
289 2225 345 2306 sas
363 2223 458 2305 Italo
476 2241 618 2306 tantam
636 2224 854 2332 subjungere
871 2241 1043 2331 gentem:

160 2369 347 2448 Externos
364 2382 489 2474 optate
502 2364 626 2450 duces.
659 2382 744 2445 tum
761 2361 915 2444 Etrusca
927 2363 1059 2446 resedit

161 2509 253 2589 Hoc
267 2506 362 2587 acies
381 2532 530 2616 campo,
562 2506 714 2587 monitis
729 2506 900 2587 exterrita
912 2507 1055 2594 divum
1222 2512 1225 2517 ’

161 2648 245 2757 Ipse
258 2663 419 2728 oratores
435 2646 483 2726 ad
496 2674 561 2728 me
573 2647 753 2756 regnique
775 2673 955 2728 coronam
1140 2676 1227 2764 505

163 2788 267 2867 Cum
284 2784 428 2895 sceptro
445 2786 557 2883 misit,
587 2785 814 2893 mandatque
834 2783 988 2894 insignia
1004 2783 1199 2885 Tarchon,
1220 2860 1227 2871 ,
1244 2848 1249 2863 .

164 2925 374 3007 Succedam
389 2925 526 3024 castris,
558 2924 832 3034 Tyrrhenaque
845 2951 958 3032 regna
970 2924 1168 3035 capellam.
1220 2936 1228 2957 '

166 3067 239 3149 Sed
256 3062 355 3150 mihi
369 3067 470 3148 tarda
487 3067 573 3178 gelu
590 3065 765 3177 sedisque
782 3065 917 3147 effoeta
927 3064 1093 3148 senectus

41 3311 48 3327 ὑ
166 3211 313 3292 lnvidet
330 3211 546 3320 imperium,
579 3212 750 3319 seraeque
761 3210 808 3290 ad
821 3209 929 3290 fortia
943 3210 1049 3293 vires.
1221 3238 1228 3267 ¹

165 3351 315 3435 Natum
328 3350 554 3451 exhortarer,
586 3353 626 3432 ni
638 3351 769 3432 mistus
787 3368 905 3432 matre
918 3350 1064 3432 Sabella
1145 3378 1233 3464 510

169 3496 275 3578 Hinc
291 3513 436 3604 partem
453 3496 589 3606 patriae
610 3493 781 3577 traheret.
811 3512 868 3595 tu,
897 3495 1002 3603 cujus
1020 3512 1059 3577 et
1069 3493 1175 3577 annis
1195 3504 1197 3509 '
1221 3522 1232 3535 ·
1273 3529 1276 3535 ’

168 3637 221 3717 Et
238 3635 364 3746 generi
374 3634 498 3716 satum
508 3634 689 3745 indulget,
719 3661 836 3743 quem
855 3633 1013 3715 numina
1028 3634 1197 3744 poscunt,
1227 3710 1230 3717 .

170 3778 381 3888 Ingredere,
404 3808 430 3860 o
443 3778 641 3861 Teucrum
656 3795 769 3889 atque
786 3775 927 3858 Italum
938 3774 1239 3860 sortiffimeduc·

354 3935 427 4005 tor.

174 4050 292 4134 Hunc
308 4052 378 4136 tibi
391 4071 588 4164 praeterea,
619 4053 699 4164 spes
712 4069 750 4134 et
764 4051 889 4138 solatia
906 4050 1035 4152 nostri,

172 4190 341 4282 Pallanta
357 4192 574 4310 adjungam.
602 4193 670 4282 sub
688 4211 726 4279 te
742 4195 897 4301 tolerare
909 4191 1088 4308 magistro
1150 4216 1201 4303 5¹
1212 4214 1240 4303 5

272 4348 289 4408 .·
1044 4329 1242 4436 Militiam,
