<?xml version="1.0" encoding="UTF-8"?>
<!DOCTYPE html PUBLIC "-//W3C//DTD XHTML 1.0 Transitional//EN"
    "http://www.w3.org/TR/xhtml1/DTD/xhtml1-transitional.dtd">
<html xmlns="http://www.w3.org/1999/xhtml" xml:lang="en" lang="en">
 <head>
  <title>
</title>
<meta http-equiv="Content-Type" content="text/html;charset=utf-8" />
  <meta name='ocr-system' content='tesseract 3.04.00' />
  <meta name='ocr-capabilities' content='ocr_page ocr_carea ocr_par ocr_line ocrx_word'/>
</head>
<body>
  <div class='ocr_page' id='page_1' title='image "./publiivirgiliim00schegoog/publiivirgiliim00schegoog_0094.png"; bbox 0 0 2872 5176; ppageno 0'>
   <div class='ocr_carea' id='block_1_1' title="bbox 372 366 1233 496">
    <p class='ocr_par' dir='ltr' id='par_1_1' title="bbox 372 366 1233 496">
     <span class='ocr_line' id='line_1_1' title="bbox 372 366 1233 496; baseline 0.006 -35"><span class='ocrx_word' id='word_1_1' title='bbox 372 373 735 465; x_wconf 78' lang='lat' dir='ltr'>Aruernos.</span> <span class='ocrx_word' id='word_1_2' title='bbox 782 366 1024 464; x_wconf 82' lang='lat' dir='ltr'>Lra.VI.</span> <span class='ocrx_word' id='word_1_3' title='bbox 1168 371 1233 496; x_wconf 92' lang='lat'>67</span> 
     </span>
    </p>
   </div>
   <div class='ocr_carea' id='block_1_2' title="bbox 57 571 1232 4442">
    <p class='ocr_par' dir='ltr' id='par_1_2' title="bbox 157 571 1231 1525">
     <span class='ocr_line' id='line_1_2' title="bbox 160 571 1206 685; baseline 0.003 -30"><span class='ocrx_word' id='word_1_4' title='bbox 160 572 297 685; x_wconf 81' lang='lat' dir='ltr'>Aspice</span> <span class='ocrx_word' id='word_1_5' title='bbox 308 573 565 682; x_wconf 78' lang='lat' dir='ltr'><strong>Torquatum,</strong></span> <span class='ocrx_word' id='word_1_6' title='bbox 582 590 620 653; x_wconf 90' lang='lat' dir='ltr'>et</span> <span class='ocrx_word' id='word_1_7' title='bbox 631 571 854 653; x_wconf 86' lang='lat' dir='ltr'><strong>referentem</strong></span> <span class='ocrx_word' id='word_1_8' title='bbox 868 571 970 681; x_wconf 88' lang='lat' dir='ltr'>figna</span> <span class='ocrx_word' id='word_1_9' title='bbox 984 573 1206 658; x_wconf 90' lang='lat' dir='ltr'>Camillum.</span> 
     </span>
     <span class='ocr_line' id='line_1_3' title="bbox 162 708 1231 818; baseline 0.004 -27"><span class='ocrx_word' id='word_1_10' title='bbox 162 712 252 793; x_wconf 87' lang='lat' dir='ltr'>Illae</span> <span class='ocrx_word' id='word_1_11' title='bbox 263 730 404 808; x_wconf 86' lang='lat' dir='ltr'>autem,</span> <span class='ocrx_word' id='word_1_12' title='bbox 420 709 568 817; x_wconf 87' lang='lat' dir='ltr'>paribus</span> <span class='ocrx_word' id='word_1_13' title='bbox 577 736 668 818; x_wconf 88' lang='lat' dir='ltr'>quas</span> <span class='ocrx_word' id='word_1_14' title='bbox 682 708 825 816; x_wconf 87' lang='lat' dir='ltr'>fulgere</span> <span class='ocrx_word' id='word_1_15' title='bbox 833 710 952 790; x_wconf 92' lang='lat' dir='ltr'>cernis</span> <span class='ocrx_word' id='word_1_16' title='bbox 963 710 1002 790; x_wconf 92' lang='lat' dir='ltr'>in</span> <span class='ocrx_word' id='word_1_17' title='bbox 1015 711 1231 812; x_wconf 88' lang='lat' dir='ltr'>armis,826</span> 
     </span>
     <span class='ocr_line' id='line_1_4' title="bbox 158 849 1201 961; baseline 0 -29"><span class='ocrx_word' id='word_1_18' title='bbox 158 854 372 937; x_wconf 79' lang='lat' dir='ltr'>Concordes</span> <span class='ocrx_word' id='word_1_19' title='bbox 389 851 535 930; x_wconf 83' lang='lat' dir='ltr'>animae</span> <span class='ocrx_word' id='word_1_20' title='bbox 554 877 667 945; x_wconf 91' lang='lat' dir='ltr'>nunc,</span> <span class='ocrx_word' id='word_1_21' title='bbox 686 867 724 930; x_wconf 88' lang='lat' dir='ltr'>et</span> <span class='ocrx_word' id='word_1_22' title='bbox 737 849 832 928; x_wconf 90' lang='lat' dir='ltr'>dum</span> <span class='ocrx_word' id='word_1_23' title='bbox 843 852 953 930; x_wconf 71' lang='lat' dir='ltr'>noete</span> <span class='ocrx_word' id='word_1_24' title='bbox 968 869 1201 961; x_wconf 88' lang='lat' dir='ltr'>premuntur,</span> 
     </span>
     <span class='ocr_line' id='line_1_5' title="bbox 158 964 1152 1104; baseline 0.002 -31"><span class='ocrx_word' id='word_1_25' title='bbox 158 990 263 1094; x_wconf 84' lang='lat' dir='ltr'>Heu,</span> <span class='ocrx_word' id='word_1_26' title='bbox 290 992 475 1104; x_wconf 81' lang='lat' dir='ltr'>quantum</span> <span class='ocrx_word' id='word_1_27' title='bbox 493 992 588 1072; x_wconf 91' lang='lat' dir='ltr'>inter</span> <span class='ocrx_word' id='word_1_28' title='bbox 607 992 643 1071; x_wconf 91' lang='lat' dir='ltr'>se</span> <span class='ocrx_word' id='word_1_29' title='bbox 666 964 823 1088; x_wconf 86' lang='lat' dir='ltr'>beilum,</span> <span class='ocrx_word' id='word_1_30' title='bbox 844 990 1036 1073; x_wconf 85' lang='lat' dir='ltr'>filumina</span> <span class='ocrx_word' id='word_1_31' title='bbox 1056 996 1152 1075; x_wconf 80' lang='lat' dir='ltr'>vitae</span> 
     </span>
     <span class='ocr_line' id='line_1_6' title="bbox 157 1131 1105 1245; baseline -0.002 -29"><span class='ocrx_word' id='word_1_32' title='bbox 157 1132 373 1245; x_wconf 73' lang='lat' dir='ltr'>Attigerint&#39;,</span> <span class='ocrx_word' id='word_1_33' title='bbox 387 1152 541 1243; x_wconf 87' lang='lat' dir='ltr'>quantas</span> <span class='ocrx_word' id='word_1_34' title='bbox 567 1132 662 1213; x_wconf 88' lang='lat' dir='ltr'>acies</span> <span class='ocrx_word' id='word_1_35' title='bbox 679 1131 916 1239; x_wconf 85' lang='lat' dir='ltr'>stragemque</span> <span class='ocrx_word' id='word_1_36' title='bbox 928 1132 1081 1213; x_wconf 91' lang='lat' dir='ltr'>ciebunt</span> <span class='ocrx_word' id='word_1_37' title='bbox 1096 1136 1105 1215; x_wconf 80' lang='lat'>1</span> 
     </span>
     <span class='ocr_line' id='line_1_7' title="bbox 157 1271 1230 1386; baseline 0.004 -31"><span class='ocrx_word' id='word_1_38' title='bbox 157 1277 369 1386; x_wconf 84' lang='lat' dir='ltr'>Aggeribus</span> <span class='ocrx_word' id='word_1_39' title='bbox 387 1277 487 1356; x_wconf 87' lang='lat' dir='ltr'>socer</span> <span class='ocrx_word' id='word_1_40' title='bbox 508 1273 657 1384; x_wconf 88' lang='lat' dir='ltr'>Alpinis</span> <span class='ocrx_word' id='word_1_41' title='bbox 677 1291 788 1381; x_wconf 86' lang='lat' dir='ltr'>atque</span> <span class='ocrx_word' id='word_1_42' title='bbox 801 1291 884 1353; x_wconf 90' lang='lat' dir='ltr'>arce</span> <span class='ocrx_word' id='word_1_43' title='bbox 898 1271 1081 1355; x_wconf 89' lang='lat' dir='ltr'>Monoeci</span> <span class='ocrx_word' id='word_1_44' title='bbox 1146 1275 1230 1386; x_wconf 80' lang='lat'>830</span> 
     </span>
     <span class='ocr_line' id='line_1_8' title="bbox 157 1413 1065 1525; baseline 0.002 -28"><span class='ocrx_word' id='word_1_45' title='bbox 157 1416 395 1498; x_wconf 86' lang='lat' dir='ltr'>Descendens</span> <span class='ocrx_word' id='word_1_46' title='bbox 410 1457 422 1514; x_wconf 86' lang='lat'>;</span> <span class='ocrx_word' id='word_1_47' title='bbox 455 1442 568 1525; x_wconf 86' lang='lat' dir='ltr'>gener</span> <span class='ocrx_word' id='word_1_48' title='bbox 589 1415 744 1494; x_wconf 88' lang='lat' dir='ltr'>adverfis</span> <span class='ocrx_word' id='word_1_49' title='bbox 761 1413 958 1496; x_wconf 71' lang='lat' dir='ltr'>instrudtus</span> <span class='ocrx_word' id='word_1_50' title='bbox 976 1414 1065 1499; x_wconf 81' lang='lat' dir='ltr'>cols.</span> 
     </span>
    </p>

    <p class='ocr_par' dir='ltr' id='par_1_3' title="bbox 157 1552 1045 1667">
     <span class='ocr_line' id='line_1_9' title="bbox 157 1552 1045 1667; baseline -0.001 -30"><span class='ocrx_word' id='word_1_51' title='bbox 157 1555 237 1656; x_wconf 87' lang='lat' dir='ltr'>Ne,</span> <span class='ocrx_word' id='word_1_52' title='bbox 257 1558 375 1667; x_wconf 89' lang='lat' dir='ltr'>pueri,</span> <span class='ocrx_word' id='word_1_53' title='bbox 391 1582 439 1637; x_wconf 90' lang='lat' dir='ltr'>ne</span> <span class='ocrx_word' id='word_1_54' title='bbox 460 1574 560 1635; x_wconf 86' lang='lat' dir='ltr'>tanta</span> <span class='ocrx_word' id='word_1_55' title='bbox 573 1554 707 1634; x_wconf 87' lang='lat' dir='ltr'>animis</span> <span class='ocrx_word' id='word_1_56' title='bbox 721 1552 905 1635; x_wconf 79' lang='lat' dir='ltr'>assuescite</span> <span class='ocrx_word' id='word_1_57' title='bbox 925 1554 1022 1636; x_wconf 86' lang='lat' dir='ltr'>belia</span> <span class='ocrx_word' id='word_1_58' title='bbox 1032 1596 1045 1654; x_wconf 80' lang='lat'>3</span> 
     </span>
    </p>

    <p class='ocr_par' dir='ltr' id='par_1_4' title="bbox 156 1696 1035 1810">
     <span class='ocr_line' id='line_1_10' title="bbox 156 1696 1035 1810; baseline 0.001 -31"><span class='ocrx_word' id='word_1_59' title='bbox 156 1697 249 1780; x_wconf 88' lang='lat' dir='ltr'>Neu</span> <span class='ocrx_word' id='word_1_60' title='bbox 266 1701 405 1810; x_wconf 78' lang='lat' dir='ltr'>patriae</span> <span class='ocrx_word' id='word_1_61' title='bbox 422 1697 558 1779; x_wconf 87' lang='lat' dir='ltr'>validas</span> <span class='ocrx_word' id='word_1_62' title='bbox 575 1697 615 1776; x_wconf 92' lang='lat' dir='ltr'>in</span> <span class='ocrx_word' id='word_1_63' title='bbox 633 1696 769 1777; x_wconf 89' lang='lat' dir='ltr'>viscera</span> <span class='ocrx_word' id='word_1_64' title='bbox 789 1698 917 1776; x_wconf 86' lang='lat' dir='ltr'>vertite</span> <span class='ocrx_word' id='word_1_65' title='bbox 929 1699 1035 1782; x_wconf 89' lang='lat' dir='ltr'>vires.</span> 
     </span>
    </p>

    <p class='ocr_par' dir='ltr' id='par_1_5' title="bbox 156 1826 1229 2227">
     <span class='ocr_line' id='line_1_11' title="bbox 158 1826 1193 1950; baseline 0.002 -33"><span class='ocrx_word' id='word_1_66' title='bbox 158 1837 299 1948; x_wconf 87' lang='lat' dir='ltr'>Tuque</span> <span class='ocrx_word' id='word_1_67' title='bbox 316 1837 429 1950; x_wconf 91' lang='lat' dir='ltr'>prior,</span> <span class='ocrx_word' id='word_1_68' title='bbox 449 1857 490 1917; x_wconf 92' lang='lat' dir='ltr'>tu</span> <span class='ocrx_word' id='word_1_69' title='bbox 511 1864 632 1947; x_wconf 87' lang='lat' dir='ltr'>parce,</span> <span class='ocrx_word' id='word_1_70' title='bbox 658 1862 774 1945; x_wconf 85' lang='lat' dir='ltr'>genus</span> <span class='ocrx_word' id='word_1_71' title='bbox 791 1836 858 1945; x_wconf 92' lang='lat' dir='ltr'>qui</span> <span class='ocrx_word' id='word_1_72' title='bbox 878 1836 982 1918; x_wconf 90' lang='lat' dir='ltr'>ducis</span> <span class='ocrx_word' id='word_1_73' title='bbox 997 1826 1193 1949; x_wconf 75' lang='lat' dir='ltr'>Olympos</span> 
     </span>
     <span class='ocr_line' id='line_1_12' title="bbox 156 1975 1229 2090; baseline 0.004 -34"><span class='ocrx_word' id='word_1_74' title='bbox 156 1975 299 2085; x_wconf 86' lang='lat' dir='ltr'>Projioe</span> <span class='ocrx_word' id='word_1_75' title='bbox 316 1977 388 2058; x_wconf 87' lang='lat' dir='ltr'>tela</span> <span class='ocrx_word' id='word_1_76' title='bbox 401 2005 531 2073; x_wconf 91' lang='lat' dir='ltr'>manu,</span> <span class='ocrx_word' id='word_1_77' title='bbox 550 1975 695 2083; x_wconf 86' lang='lat' dir='ltr'>sanguis</span> <span class='ocrx_word' id='word_1_78' title='bbox 712 2000 832 2059; x_wconf 90' lang='lat' dir='ltr'>meus.</span> <span class='ocrx_word' id='word_1_79' title='bbox 1145 1978 1229 2090; x_wconf 83' lang='lat'>835</span> 
     </span>
     <span class='ocr_line' id='line_1_13' title="bbox 156 2115 1030 2227; baseline 0.001 -31"><span class='ocrx_word' id='word_1_80' title='bbox 156 2116 226 2198; x_wconf 86' lang='lat' dir='ltr'>llle</span> <span class='ocrx_word' id='word_1_81' title='bbox 246 2117 475 2227; x_wconf 81' lang='lat' dir='ltr'>triumphata</span> <span class='ocrx_word' id='word_1_82' title='bbox 493 2115 678 2226; x_wconf 90' lang='lat' dir='ltr'>Capitolia</span> <span class='ocrx_word' id='word_1_83' title='bbox 695 2117 742 2194; x_wconf 88' lang='lat' dir='ltr'>ad</span> <span class='ocrx_word' id='word_1_84' title='bbox 759 2116 832 2194; x_wconf 86' lang='lat' dir='ltr'>alta</span> <span class='ocrx_word' id='word_1_85' title='bbox 844 2115 1030 2197; x_wconf 87' lang='lat' dir='ltr'>Corintho</span> 
     </span>
    </p>

    <p class='ocr_par' dir='ltr' id='par_1_6' title="bbox 155 2248 1050 2364">
     <span class='ocr_line' id='line_1_14' title="bbox 155 2248 1050 2364; baseline 0.001 -29"><span class='ocrx_word' id='word_1_86' title='bbox 155 2254 289 2337; x_wconf 73' lang='lat' dir='ltr'>Visior</span> <span class='ocrx_word' id='word_1_87' title='bbox 302 2274 386 2364; x_wconf 86' lang='lat' dir='ltr'>aget</span> <span class='ocrx_word' id='word_1_88' title='bbox 399 2282 565 2350; x_wconf 91' lang='lat' dir='ltr'>currum,</span> <span class='ocrx_word' id='word_1_89' title='bbox 586 2250 697 2334; x_wconf 82' lang='lat' dir='ltr'>caelis</span> <span class='ocrx_word' id='word_1_90' title='bbox 714 2252 862 2360; x_wconf 83' lang='lat' dir='ltr'>insrgnis</span> <span class='ocrx_word' id='word_1_91' title='bbox 880 2248 1050 2338; x_wconf 84' lang='lat' dir='ltr'>Achivis.</span> 
     </span>
    </p>

    <p class='ocr_par' dir='ltr' id='par_1_7' title="bbox 151 2390 1229 3345">
     <span class='ocr_line' id='line_1_15' title="bbox 154 2390 1125 2502; baseline -0.004 -27"><span class='ocrx_word' id='word_1_92' title='bbox 154 2396 274 2475; x_wconf 87' lang='lat' dir='ltr'>Eruet</span> <span class='ocrx_word' id='word_1_93' title='bbox 290 2395 352 2474; x_wconf 89' lang='lat' dir='ltr'>ille</span> <span class='ocrx_word' id='word_1_94' title='bbox 364 2398 498 2502; x_wconf 82' lang='lat' dir='ltr'>Argos,</span> <span class='ocrx_word' id='word_1_95' title='bbox 519 2390 911 2501; x_wconf 79' lang='lat' dir='ltr'>Agamemnoniasque</span> <span class='ocrx_word' id='word_1_96' title='bbox 925 2392 1125 2500; x_wconf 87' lang='lat' dir='ltr'>Mycenas,</span> 
     </span>
     <span class='ocr_line' id='line_1_16' title="bbox 151 2529 1180 2644; baseline -0.004 -30"><span class='ocrx_word' id='word_1_97' title='bbox 151 2533 364 2644; x_wconf 84' lang='lat' dir='ltr'>Ipsumque</span> <span class='ocrx_word' id='word_1_98' title='bbox 373 2531 576 2635; x_wconf 84' lang='lat' dir='ltr'>Aeaciden,</span> <span class='ocrx_word' id='word_1_99' title='bbox 591 2556 707 2640; x_wconf 85' lang='lat' dir='ltr'>genus</span> <span class='ocrx_word' id='word_1_100' title='bbox 728 2531 983 2640; x_wconf 78' lang='lat' dir='ltr'>aruripotentis</span> <span class='ocrx_word' id='word_1_101' title='bbox 1000 2529 1180 2628; x_wconf 86' lang='lat' dir='ltr'>Achillei,</span> 
     </span>
     <span class='ocr_line' id='line_1_17' title="bbox 153 2671 1226 2781; baseline 0.001 -30"><span class='ocrx_word' id='word_1_102' title='bbox 153 2671 267 2752; x_wconf 90' lang='lat' dir='ltr'>Ultus</span> <span class='ocrx_word' id='word_1_103' title='bbox 277 2700 364 2752; x_wconf 89' lang='lat' dir='ltr'>avos</span> <span class='ocrx_word' id='word_1_104' title='bbox 372 2673 520 2780; x_wconf 86' lang='lat' dir='ltr'>Trojae,</span> <span class='ocrx_word' id='word_1_105' title='bbox 536 2671 678 2781; x_wconf 89' lang='lat' dir='ltr'>templa</span> <span class='ocrx_word' id='word_1_106' title='bbox 688 2689 726 2750; x_wconf 92' lang='lat' dir='ltr'>et</span> <span class='ocrx_word' id='word_1_107' title='bbox 736 2671 1127 2752; x_wconf 83' lang='lat' dir='ltr'>temerataMinervae.</span> <span class='ocrx_word' id='word_1_108' title='bbox 1140 2671 1226 2777; x_wconf 87' lang='lat'>840</span> 
     </span>
     <span class='ocr_line' id='line_1_18' title="bbox 153 2809 1229 2922; baseline -0.005 -27"><span class='ocrx_word' id='word_1_109' title='bbox 153 2814 250 2914; x_wconf 91' lang='lat' dir='ltr'>Quis</span> <span class='ocrx_word' id='word_1_110' title='bbox 279 2834 327 2912; x_wconf 91' lang='lat' dir='ltr'>te,</span> <span class='ocrx_word' id='word_1_111' title='bbox 358 2840 495 2922; x_wconf 84' lang='lat' dir='ltr'>magne</span> <span class='ocrx_word' id='word_1_112' title='bbox 520 2816 628 2909; x_wconf 89' lang='lat' dir='ltr'>Cato,</span> <span class='ocrx_word' id='word_1_113' title='bbox 665 2811 833 2910; x_wconf 82' lang='lat' dir='ltr'>tacitum,</span> <span class='ocrx_word' id='word_1_114' title='bbox 866 2830 930 2893; x_wconf 89' lang='lat' dir='ltr'>aut</span> <span class='ocrx_word' id='word_1_115' title='bbox 953 2830 1004 2910; x_wconf 93' lang='lat' dir='ltr'>te,</span> <span class='ocrx_word' id='word_1_116' title='bbox 1028 2809 1229 2911; x_wconf 64' lang='lat' dir='ltr'>Coffe,&#39;re·</span> 
     </span>
     <span class='ocr_line' id='line_1_19' title="bbox 155 2950 1219 3061; baseline 0.004 -31"><span class='ocrx_word' id='word_1_117' title='bbox 155 2990 162 3001; x_wconf 87' lang='lat'>·</span> <span class='ocrx_word' id='word_1_118' title='bbox 339 2950 516 3061; x_wconf 88' lang='lat' dir='ltr'>linquat?</span> <span class='ocrx_word' id='word_1_119' title='bbox 1215 3038 1219 3046; x_wconf 70' lang='grc'><em>,</em></span> 
     </span>
     <span class='ocr_line' id='line_1_20' title="bbox 155 3089 1226 3202; baseline 0 -28"><span class='ocrx_word' id='word_1_120' title='bbox 155 3093 253 3200; x_wconf 84' lang='lat' dir='ltr'>Qis</span> <span class='ocrx_word' id='word_1_121' title='bbox 268 3092 434 3175; x_wconf 84' lang='lat' dir='ltr'>Gracchi</span> <span class='ocrx_word' id='word_1_122' title='bbox 445 3120 581 3202; x_wconf 88' lang='lat' dir='ltr'>genus,</span> <span class='ocrx_word' id='word_1_123' title='bbox 591 3111 654 3174; x_wconf 88' lang='lat' dir='ltr'>aut</span> <span class='ocrx_word' id='word_1_124' title='bbox 666 3091 848 3201; x_wconf 85' lang='lat' dir='ltr'>geminos,</span> <span class='ocrx_word' id='word_1_125' title='bbox 861 3089 938 3172; x_wconf 89' lang='lat' dir='ltr'>duo</span> <span class='ocrx_word' id='word_1_126' title='bbox 948 3090 1113 3174; x_wconf 81' lang='lat' dir='ltr'>fulmina¹</span> <span class='ocrx_word' id='word_1_127' title='bbox 1124 3092 1226 3196; x_wconf 86' lang='lat' dir='ltr'>belli,</span> 
     </span>
     <span class='ocr_line' id='line_1_21' title="bbox 154 3233 1102 3345; baseline 0.002 -32"><span class='ocrx_word' id='word_1_128' title='bbox 154 3233 351 3345; x_wconf 86' lang='lat' dir='ltr'>Scipiadas,</span> <span class='ocrx_word' id='word_1_129' title='bbox 370 3236 518 3316; x_wconf 89' lang='lat' dir='ltr'>cladem</span> <span class='ocrx_word' id='word_1_130' title='bbox 537 3235 693 3343; x_wconf 87' lang='lat' dir='ltr'>Libyae,</span> <span class='ocrx_word' id='word_1_131' title='bbox 708 3259 898 3343; x_wconf 89' lang='lat' dir='ltr'>parvoque</span> <span class='ocrx_word' id='word_1_132' title='bbox 909 3246 1102 3342; x_wconf 83' lang='lat' dir='ltr'>potentem</span> 
     </span>
    </p>

    <p class='ocr_par' dir='ltr' id='par_1_8' title="bbox 151 3372 1075 3478">
     <span class='ocr_line' id='line_1_22' title="bbox 151 3372 1075 3478; baseline 0.002 -21"><span class='ocrx_word' id='word_1_133' title='bbox 151 3376 185 3457; x_wconf 93' lang='lat' dir='ltr'>F</span> <span class='ocrx_word' id='word_1_134' title='bbox 184 3377 395 3478; x_wconf 87' lang='lat' dir='ltr'>abricium;</span> <span class='ocrx_word' id='word_1_135' title='bbox 414 3377 473 3458; x_wconf 88' lang='lat' dir='ltr'>vel</span> <span class='ocrx_word' id='word_1_136' title='bbox 494 3397 531 3460; x_wconf 93' lang='lat' dir='ltr'>te</span> <span class='ocrx_word' id='word_1_137' title='bbox 545 3377 659 3475; x_wconf 92' lang='lat' dir='ltr'>sulco,</span> <span class='ocrx_word' id='word_1_138' title='bbox 679 3376 844 3472; x_wconf 86' lang='lat' dir='ltr'>Serrane,</span> <span class='ocrx_word' id='word_1_139' title='bbox 863 3372 1044 3458; x_wconf 82' lang='lat' dir='ltr'>serentem</span> <span class='ocrx_word' id='word_1_140' title='bbox 1061 3382 1075 3459; x_wconf 84' lang='lat' dir='ltr'>i</span> 
     </span>
    </p>

    <p class='ocr_par' dir='ltr' id='par_1_9' title="bbox 57 3512 1224 3767">
     <span class='ocr_line' id='line_1_23' title="bbox 155 3512 1224 3630; baseline 0 -31"><span class='ocrx_word' id='word_1_141' title='bbox 155 3517 247 3624; x_wconf 83' lang='lat' dir='ltr'>Qu</span> <span class='ocrx_word' id='word_1_142' title='bbox 259 3516 395 3599; x_wconf 85' lang='lat' dir='ltr'>fessum</span> <span class='ocrx_word' id='word_1_143' title='bbox 412 3518 550 3628; x_wconf 90' lang='lat' dir='ltr'>rapitis,</span> <span class='ocrx_word' id='word_1_144' title='bbox 566 3518 701 3600; x_wconf 87' lang='lat' dir='ltr'>Fabii?</span> <span class='ocrx_word' id='word_1_145' title='bbox 720 3535 763 3598; x_wconf 88' lang='lat' dir='ltr'>tu</span> <span class='ocrx_word' id='word_1_146' title='bbox 774 3515 972 3598; x_wconf 84' lang='lat' dir='ltr'>Maximus</span> <span class='ocrx_word' id='word_1_147' title='bbox 990 3517 1059 3598; x_wconf 83' lang='lat' dir='ltr'>ille·</span> <span class='ocrx_word' id='word_1_148' title='bbox 1070 3543 1121 3614; x_wconf 89' lang='lat' dir='ltr'>es,</span> <span class='ocrx_word' id='word_1_149' title='bbox 1140 3512 1193 3625; x_wconf 84' lang='lat'>84</span> <span class='ocrx_word' id='word_1_150' title='bbox 1200 3546 1224 3630; x_wconf 82' lang='lat'>5</span> 
     </span>
     <span class='ocr_line' id='line_1_24' title="bbox 57 3653 984 3767; baseline 0.003 -30"><span class='ocrx_word' id='word_1_151' title='bbox 57 3706 61 3713; x_wconf 77' lang='lat'>,</span> <span class='ocrx_word' id='word_1_152' title='bbox 154 3658 264 3738; x_wconf 85' lang='lat' dir='ltr'>Unus</span> <span class='ocrx_word' id='word_1_153' title='bbox 281 3658 348 3767; x_wconf 89' lang='lat' dir='ltr'>qui</span> <span class='ocrx_word' id='word_1_154' title='bbox 365 3658 473 3739; x_wconf 91' lang='lat' dir='ltr'>nobis</span> <span class='ocrx_word' id='word_1_155' title='bbox 490 3657 702 3739; x_wconf 62' lang='lat' dir='ltr'>cunctando</span> <span class='ocrx_word' id='word_1_156' title='bbox 719 3653 879 3736; x_wconf 78' lang='lat' dir='ltr'>restituis·</span> <span class='ocrx_word' id='word_1_157' title='bbox 889 3682 984 3740; x_wconf 87' lang='lat' dir='ltr'>rem.</span> 
     </span>
    </p>

    <p class='ocr_par' dir='ltr' id='par_1_10' title="bbox 154 3787 903 3911">
     <span class='ocr_line' id='line_1_25' title="bbox 154 3787 903 3911; baseline -0.004 -30"><span class='ocrx_word' id='word_1_158' title='bbox 154 3797 355 3881; x_wconf 72' lang='lat' dir='ltr'>Ericudent</span> <span class='ocrx_word' id='word_1_159' title='bbox 375 3799 437 3879; x_wconf 90' lang='lat' dir='ltr'>alii</span> <span class='ocrx_word' id='word_1_160' title='bbox 451 3800 620 3911; x_wconf 82' lang='lat' dir='ltr'>spirantia</span> <span class='ocrx_word' id='word_1_161' title='bbox 638 3797 790 3879; x_wconf 85' lang='lat' dir='ltr'>mollius</span> <span class='ocrx_word' id='word_1_162' title='bbox 808 3787 903 3894; x_wconf 81' lang='lat' dir='ltr'>aera,</span> 
     </span>
    </p>

    <p class='ocr_par' dir='ltr' id='par_1_11' title="bbox 152 3930 1232 4442">
     <span class='ocr_line' id='line_1_26' title="bbox 152 3930 1202 4048; baseline 0.002 -31"><span class='ocrx_word' id='word_1_163' title='bbox 152 3938 278 4018; x_wconf 90' lang='lat' dir='ltr'>Credo</span> <span class='ocrx_word' id='word_1_164' title='bbox 295 3939 487 4048; x_wconf 90' lang='lat' dir='ltr'>equidem,</span> <span class='ocrx_word' id='word_1_165' title='bbox 507 3934 609 4023; x_wconf 84' lang='lat' dir='ltr'>vivos</span> <span class='ocrx_word' id='word_1_166' title='bbox 630 3939 769 4019; x_wconf 84' lang='lat' dir='ltr'>ducent</span> <span class='ocrx_word' id='word_1_167' title='bbox 784 3930 1032 4018; x_wconf 68' lang='lat' dir='ltr'>d&#39;e&#39;mar&#39;more</span> <span class='ocrx_word' id='word_1_168' title='bbox 1052 3936 1202 4034; x_wconf 86' lang='lat' dir='ltr'>vultus;</span> 
     </span>
     <span class='ocr_line' id='line_1_27' title="bbox 154 4076 1014 4188; baseline -0.001 -31"><span class='ocrx_word' id='word_1_169' title='bbox 154 4076 328 4158; x_wconf 86' lang='lat' dir='ltr'>Orabunt</span> <span class='ocrx_word' id='word_1_170' title='bbox 349 4079 472 4160; x_wconf 88' lang='lat' dir='ltr'>causas</span> <span class='ocrx_word' id='word_1_171' title='bbox 490 4079 649 4176; x_wconf 85' lang='lat' dir='ltr'>melius;</span> <span class='ocrx_word' id='word_1_172' title='bbox 681 4076 852 4188; x_wconf 88' lang='lat' dir='ltr'>coelique</span> <span class='ocrx_word' id='word_1_173' title='bbox 870 4096 1014 4159; x_wconf 88' lang='lat' dir='ltr'>meatus</span> 
     </span>
     <span class='ocr_line' id='line_1_28' title="bbox 153 4216 1226 4327; baseline -0.005 -27"><span class='ocrx_word' id='word_1_174' title='bbox 153 4216 374 4305; x_wconf 85' lang='lat' dir='ltr'>Describeut</span> <span class='ocrx_word' id='word_1_175' title='bbox 385 4220 503 4323; x_wconf 83' lang='lat' dir='ltr'>radio,</span> <span class='ocrx_word' id='word_1_176' title='bbox 524 4239 563 4305; x_wconf 89' lang='lat' dir='ltr'>et</span> <span class='ocrx_word' id='word_1_177' title='bbox 580 4219 763 4327; x_wconf 79' lang='lat' dir='ltr'>surgentia</span> <span class='ocrx_word' id='word_1_178' title='bbox 779 4216 894 4298; x_wconf 75' lang='lat' dir='ltr'>sidera</span> <span class='ocrx_word' id='word_1_179' title='bbox 907 4217 1043 4298; x_wconf 87' lang='lat' dir='ltr'>dicent.</span> <span class='ocrx_word' id='word_1_180' title='bbox 1138 4216 1163 4296; x_wconf 85' lang='lat'>8</span> <span class='ocrx_word' id='word_1_181' title='bbox 1171 4240 1226 4323; x_wconf 79' lang='lat'>50</span> 
     </span>
     <span class='ocr_line' id='line_1_29' title="bbox 154 4354 1232 4442; baseline -0.002 -2"><span class='ocrx_word' id='word_1_182' title='bbox 154 4358 186 4401; x_wconf 64' lang='lat'><em>⁵</em></span> <span class='ocrx_word' id='word_1_183' title='bbox 636 4359 670 4440; x_wconf 86' lang='lat' dir='ltr'><strong>F</strong></span> <span class='ocrx_word' id='word_1_184' title='bbox 705 4384 729 4442; x_wconf 80' lang='lat' dir='ltr'>a</span> <span class='ocrx_word' id='word_1_185' title='bbox 1164 4354 1232 4439; x_wconf 87' lang='lat' dir='ltr'>Tu</span> 
     </span>
    </p>
   </div>
   <div class='ocr_carea' id='block_1_3' title="bbox 0 0 1440 5176">
    <p class='ocr_par' dir='ltr' id='par_1_12' title="bbox 0 0 1440 5176">
     <span class='ocr_line' id='line_1_30' title="bbox 0 0 1440 5176; baseline 0 0"><span class='ocrx_word' id='word_1_186' title='bbox 0 0 1440 5176; x_wconf 95' lang='lat' dir='ltr'> </span> 
     </span>
    </p>
   </div>
  </div>
 </body>
</html>
