2872 5176
340 359 663 452 Aruernos.
698 356 810 451 L1s.
835 354 941 452 Vll.
1102 389 1166 487 77

97 566 291 681 Perpetuis
309 565 405 647 soliti
426 583 545 678 patres
560 564 748 649 confidere
764 562 912 648 mensis.

98 706 337 808 Quinetiam
353 724 524 788 veterum
540 705 681 816 effigies
698 733 747 786 ex
765 705 895 786 ordine
913 731 1071 787 avorum

98 849 268 959 Antiqua
277 876 303 928 .e
319 847 445 946 cedro,
465 847 665 957 Italusque,
686 864 863 958 paterque
881 844 1049 947 Sabinus,

99 989 287 1087 Vitisator,
303 1016 461 1070 curvam
481 988 623 1070 servans
640 987 708 1068 sub
721 990 884 1097 imagine
902 985 1053 1089 falcem,

100 1130 349 1239 Saturnusque
374 1130 496 1230 senex,
517 1130 679 1240 Janique
698 1129 871 1210 bifrontis
889 1130 1029 1240 imago,
1088 1128 1170 1215 180
1345 1230 1347 1234 Α

101 1272 296 1354 Vestibulo
317 1273 531 1355 adstabant:
563 1273 701 1382 aliique
718 1272 766 1352 ab
779 1272 921 1383 origine
938 1300 1055 1382 reges,

101 1414 242 1495 Martia
258 1416 325 1525 qui
345 1416 396 1495 ob
416 1415 573 1524 patriam
592 1414 793 1525 pugnando
804 1414 957 1495 vulnera
968 1413 1072 1526 paffi.

102 1552 309 1661 Multaque.
320 1570 505 1661 praeterea
523 1553 629 1633 sacris
647 1553 686 1632 in
705 1551 869 1662 postibus
889 1582 1006 1652 arma,

103 1688 252 1799 Captivi
271 1690 436 1798 pendent
448 1717 589 1787 currus,
603 1716 812 1798 curvaeque
829 1689 983 1787 secures,

103 1828 154 1907 Et
162 1825 290 1909 cristae
300 1826 483 1938 capitum,
497 1845 535 1909 et
541 1847 734 1938 portarum
747 1829 910 1938 ingentia
920 1826 1139 1926 claustra,18
1149 1855 1171 1939 5

106 1965 341 2078 Spiculaque,
355 1967 567 2079 clypeique,
583 1986 783 2079 ereptaque
799 1969 914 2052 rostra
926 1971 1070 2054 carinis.

105 2105 188 2217 lpse
206 2107 393 2216 Qirinali
412 2108 505 2189 lituo
527 2136 713 2218 parvaque
730 2108 877 2191 sedebat

106 2248 324 2329 Succinctus
336 2250 473 2346 trabea,
487 2247 663 2357 laevaque
682 2247 800 2327 ancile
819 2248 967 2357 gerebat
1144 2342 1146 2347 Ι
1167 2316 1171 2321 .

104 2386 232 2483 Picus,
249 2414 394 2495 equum
406 2388 589 2471 domitor:
604 2415 721 2498 quem
736 2405 843 2498 capta
853 2388 1028 2500 cupidine
1041 2387 1178 2495 conjux

107 2531 236 2609 Aurea
253 2527 466 2635 perculsum
478 2530 593 2637 virga,
612 2528 834 2638 versumque
849 2531 1012 2630 venenis,
1098 2556 1176 2639 190

107 2668 214 2749 Fecit
231 2695 342 2749 avem
358 2670 480 2766 Circe,
499 2667 696 2780 sparfitque
713 2669 899 2751 coloribus
910 2669 997 2753 alas.

169 2809 259 2890 Tali
272 2810 371 2890 intus
394 2810 538 2919 templo
556 2810 688 2891 divum
702 2811 893 2919 patriaque
910 2810 1065 2888 Latinus

109 2948 204 3030 Sede
222 2949 350 3031 sedens
365 2952 534 3031 Teucros
549 2950 596 3029 ad
610 2948 682 3030 sese
700 2950 741 3028 in
759 2951 855 3028 teda
875 2947 1020 3027 vocavit
1030 2985 1043 3041 ;

110 3092 238 3199 Atque
253 3089 345 3170 haec
359 3090 521 3201 ingreffis
534 3088 681 3200 placido
698 3088 798 3200 prior
812 3087 928 3169 edidit
945 3114 1032 3168 ore:

112 3230 239 3311 Dicite
257 3229 506 3326 Dardanidae,
526 3256 647 3338 neque
663 3227 768 3311 enim
777 3226 960 3308 nescimus
967 3245 1004 3307 et
1015 3225 1150 3306 urbem

112 3370 164 3449 Et
180 3397 309 3479 genus,
324 3369 515 3479 auditique
533 3368 716 3451 advertitis
730 3395 891 3478 aequore
906 3367 1079 3464 cursum,
1101 3366 1181 3475 196

44 3572 49 3585 .
114 3509 220 3614 Qid
239 3509 393 3619 petitis?
420 3538 516 3618 quae
530 3509 637 3590 causa
653 3528 760 3607 rates,
781 3528 846 3590 aut
857 3512 961 3619 cujus
978 3527 1126 3618 egentes

114 3650 222 3730 Litus
238 3649 286 3730 ad
297 3647 511 3729 Ausonium
524 3666 579 3731 tot
589 3677 655 3761 per
670 3650 764 3730 vada
776 3648 925 3731 coerula
938 3650 1067 3731 vexit?

116 3789 199 3870 Sive
212 3816 332 3868 errore
353 3789 445 3885 viae,
465 3788 528 3868 seu
545 3788 825 3899 tempestatibus
842 3789 928 3888 acti,

115 3929 251 4026 Qualia
270 3927 390 4009 multa
406 3930 502 4010 mari
521 3947 652 4011 nautae
669 3932 861 4040 patiuntur
878 3931 918 4011 in
937 3929 1026 4029 alto,
1099 3952 1185 4011 200

115 4069 302 4149 Fluminis
315 4070 472 4153 intrastis
485 4072 596 4182 ripas,
617 4088 803 4181 portuque
815 4071 958 4172 sedetis,

117 4207 182 4289 Ne
201 4205 318 4318 sugite
336 4207 540 4322 hospitium
557 4243 568 4329 ‚'·.
599 4235 694 4331 nete
714 4208 880 4329 ignorate
897 4211 1049 4330 Latinos

1047 4350 1194 4463 Saturni
1357 4450 1362 4461 „
