2872 5176
364 294 715 387 llannnos'
750 285 874 381 [ιι.
910 286 1017 382 XII.
1111 288 1203 385 2²61

133 498 238 580 Cum
250 495 337 594 ruit,
366 491 535 575 avolsum
549 508 672 589 vento,
701 472 765 573 seu
778 473 949 573 turbidus
963 490 1084 578 imber
1115 497 1170 581 68
1178 525 1203 610 5

134 628 293 740 Proluit,¹
325 654 390 717 aut
399 636 505 718 annis
517 633 624 716 solvit
641 631 808 743 sublapsa
821 634 980 716 vetustas
987 676 1000 736 3

133 779 295 860 Fertur
284 796 324 860 ιιι·
343 777 548 889 abruptum
562 803 701 885 magno
716 801 826 855 mons
840 776 1144 888 improbusadiu,

135 917 381 1045 Exsultatque
399 916 490 1014 sole,
523 911 639 1011 filvas,
670 918 849 1014 armenta,
872 915 1055 1027 virosque,

137 1059 334 1140 Involvens
346 1056 498 1139 secum
530 1054 922 1165 disjettaperagmina
931 1059 1088 1142 Turnus

140 1192 321 1282 Sicurbis
331 1200 406 1279 ruit
422 1198 470 1278 ad
481 1225 622 1295 muros
654 1195 721 1276 ubi
737 1195 900 1305 plurima
916 1197 1000 1284 fuso
1119 1208 1209 1315 690

138 1341 325 1448 Sanguine
343 1359 438 1421 terra
456 1339 595 1435 madet,
623 1335 851 1446 stridentque
869 1337 1065 1426 hastilibus
1077 1374 1187 1429 aurae
1192 1389 1208 1448 ;

139 1479 405 1588 significatque
420 1506 550 1574 manu,
566 1496 603 1557 et
614 1504 755 1584 magno
767 1476 879 1559 fimut
896 1479 1029 1593 incipit
1039 1515 1129 1574 ore:

139 1620 385 1727 Parcitejam,
416 1617 564 1715 Rutuli,
594 1634 631 1697 et
649 1644 727 1716 vos,
755 1616 829 1699 tela
841 1614 1021 1724 inhibete,
1040 1630 1178 1718 Latini.
1224 1607 1229 1615 ’

138 1763 399 1869 Quaecunque
412 1758 467 1840 est
477 1759 639 1857 fortuna
654 1776 740 1838 mea
750 1758 824 1844 est
850 1788 914 1842 me
925 1790 1045 1851 venus
1056 1799 1180 1855 unum

141 1905 217 1986 Pro
240 1904 345 1985 vobis
364 1901 497 1982 foedus
516 1900 630 1999 luere,
661 1918 699 1983 et
719 1900 915 1984 decernere
928 1906 1039 1998 ferro.
1122 1919 1211 2034 ⁶95

144 2045 347 2128 Disceffere
365 2072 496 2125 omnes
510 2042 640 2139 medii,
671 2042 906 2153 spatiumque
927 2030 1123 2175 dedere.

205 2189 260 2267 At
280 2200 383 2296 pat'er
400 2186 559 2279 Aeneas,
591 2182 719 2261 audito
739 2170 894 2264 nomine
908 2189 1046 2293 Turni,

142 2306 288 2408 Deserit
303 2343 341 2407 et
358 2350 501 2421 muros,
531 2339 569 2402 et
587 2319 752 2402 summas
771 2321 902 2403 deserit
914 2354 1027 2431 arces,
1124 2338 1232 2453 698³

145 2466 441 2576 Praecipitatque
466 2490 590 2543 moras
604 2488 761 2543 omnes:
793 2489 906 2572 opera
917 2470 1048 2552 omnia
1059 2481 1227 2588 rumpig.

147 2607 304 2688 Laetitia
321 2603 518 2700 exsultans,
551 2601 857 2711 horrendumque
876 2604 1020 2691 intonat
1037 2619 1171 2704 armis:

148 2753 323 2850 Quantus
335 2745 472 2843 Athos,
486 2765 550 2826 aut
564 2762 725 2855 quantus
738 2747 856 2856 Eryx,
876 2767 941 2830 aut
954 2753 1041 2863 ipse,
1060 2764 1220 2848 comicis

149 2892 254 2971 Cum
269 2889 397 2968 fremit
411 2887 571 2983 ilicibus,
611 2905 785 2994 quantus,
803 2889 1026 3001 gaudetque,
1043 2901 1156 2983 nivali
1194 2869 1232 2921 ⁶.

150 3030 300 3110 Vertice
312 3027 349 3109 se
366 3026 535 3108 attollens
557 3044 659 3135 pater
677 3027 900 3135 Apenninus
918 3031 965 3112 ad
983 3063 1100 3123 auras.
1215 3050 1219 3057 '

151 3171 242 3277 Jam
256 3197 343 3249 vero
355 3185 394 3248 et
412 3165 548 3247 Rutuli
558 3166 741 3264 certatim,
767 3186 804 3246 et
815 3167 950 3270 Tro‘e‘s,
969 3191 1006 3255 et
1027 3205 1160 3264 omnes
1222 3148 1229 3157 ⁸

152 3311 377 3390 Convertere
395 3305 524 3387 oculos
542 3305 647 3402 ltali;
680 3307 821 3415 quique
842 3307 916 3390 alta
926 3317 1101 3401 tenebant
1132 3353 1188 3439 70
1195 3353 1220 3439 ς

152 3448 323 3546 Moenia,
356 3446 497 3555 quique
515 3446 611 3526 imos
627 3444 818 3555 pulsabant
834 3448 944 3531 ariete
964 3482 1104 3562 muros,

155 3591 352 3697 Armaque
369 3585 569 3695 deposuere
587 3584 767 3670 humeris.
798 3587 920 3700 stupet
932 3593 1008 3705 ipse
1024 3602 1194 3710 Latinus,

154 3733 341 3839 Ingentes,
372 3728 516 3835 genitos
529 3728 677 3809 diversis
691 3729 853 3838 partibus
867 3733 978 3834 orbis,

157 3850 259 3950 lnter
276 3865 313 3947 se
330 3866 509 3949 coiilse
475 3893 584 3964 viros,
616 3886 655 3948 et
668 3894 817 3950 cernere
834 3870 945 3960 ferro.

158 4008 288 4118 Atque
302 4005 369 4107 illi,
397 4024 439 4088 ut
452 4034 571 4089 vacuo
585 4013 783 4118 patuerunt
801 4038 962 4121 aequore
979 4022 1117 4133 campi,
1138 4054 1226 4141 710

159 4147 344 4289 Prncutsu
362 4148 528 4264 rapido,
537 4149 712 4262 conjeeiir'
729 4151 878 4235 eminus
898 4140 1045 4261 hallis,

719 4292 744 4374 S
777 4321 800 4409 3
1048 4301 1235 4390 Invadunt
