2872 5176
306 380 367 481 ιο
500 349 1155 482 ΡινιιιοιιιιΜιιι-οιι-ιι

367 557 537 640 Protinus
555 560 700 640 Aeneas
713 556 827 639 celeri·
835 573 972 636 certare
990 554 1126 663 sagitta.
1283 558 1376 673 48‘5

306 672 455 793 Invitat,
473 726 540 806 qur
528 697 647 778 forte
659 695 788 791 velrut
808 711 845 775 et
858 693 1022 803 praemia
1038 693 1167 802 ponit:
1311 758 1316 765 .
1367 728 1376 751 ι

304 832 526 963 Ingentique
546 865 663 918 manu
677 835 824 915 malum
842 832 889 913 de
906 859 998 911 nave
1017 832 1147 912 Seresti

302 973 451 1084 Erigit3
481 996 520 1058 et
537 977 729 1057 volucrem
748 972 926 1081 trajesto
917 1000 955 1049 ιιι
984 968 1074 1051 sune
1092 928 1374 1075 columbam,

302 1115 394 1216 Qro
410 1116 562 1197 tendant
574 1115 730 1233 serrum,
756 1111 858 1194 malo
877 1109 1060 1219 suspendit
1078 1102 1126 1192 ab
1150 1110 1238 1197 altu.
1307 1144 1313 1155 ·

302 1256 523 1343 Convenere
540 1222 622 1355 viri,
644 1255 902 1363 dejetiamque
922 1278 1029 1331 aerea
1044 1250 1194 1332 sortem.
1262 1280 1383 1366 490·

305 1362 468 1503 hooepit
496 1391 627 1501 galea:
656 1408 693 1481 et
711 1391 854 1499 primus
871 1386 1034 1468 clamore
1049 1386 1223 1468 secundo·

306 1528 536 1638 Hyrtacidae
547 1546 633 1610 ante
652 1557 785 1610 omnes
795 1528 871 1609 exit
892 1528 995 1607 locus
1013 1525 1314 1636 Hippocoontis:

305 1672 438 1769 Quem
458 1671 576 1751 modo
593 1669 714 1750 navali
730 1666 950 1761 Mnestheus
963 1668 1163 1748 certamine
1180 1671 1358 1753 vietor

304 1808 571 1935 Consequitur,
588 1808 699 1888 viridi
715 1805 938 1889 Mnestheus
962 1806 1127 1886 evinstus
1147 1805 1258 1892 oliva.

307 1944 463 2025 Tertius
478 1928 676 2055 Eurytion,
697 1962 795 2041 tuus,
815 1942 1064 2041 oelariffime,
1080 1941 1259 2042 frater,
1254 1975 1344 2059 49
1351 1968 1394 2060 5·

309 2082 496 2169 Pandare.
527 2113 595 2195 qtu
583 2083 820 2195 quondam,
835 2082 950 2192 jussus
968 2082 1195 2164 confundere
1212 2084 1368 2183 foedus,

310 2224 356 2323 In
371 2196 517 2328 medios
534 2226 653 2308 telum
668 2224 800 2307 torsisti
818 2227 961 2335 primus
976 2224 1153 2305 Achivos.

304 2352 528 2463 Extremus,
548 2365 724 2475 galeaque
751 2366 828 2444 ima
844 2363 1014 2458 subsedit,
1042 2365 1193 2447 Acestes
1203 2405 1218 2464 3
1365 2478 1368 2483 Ι

308 2504 437 2611 ΙΑιιιιιι
454 2521 491 2582 et
515 2505 590 2612 ipse
616 2532 731 2583 manu
743 2506 928 2612 juvenum
946 2522 1083 2583 tentare
1106 2503 1283 2616 laborem.
1334 2545 1341 2555 -·
1364 2542 1372 2561 ·

308 2640 425 2723 ¹Turn
443 2641 572 2722 validis
591 2642 708 2723 flexos
728 2643 1075 2724 incurvantviribus
1089 2672 1205 2740 arcus,
1289 2673 1377 2757 500

311 2780 390 2861 Pro
410 2781 447 2863 se
468 2783 636 2893 quisque,
654 2783 734 2883 viri,
755 2801 793 2865 et
812 2784 1037 2893 depromunt
1050 2783 1121 2865 tela
1134 2782 1336 2894 pharetris:
1366 2828 1370 2837 ·

315 2910 518 3032 Primaque
536 2951 602 3031 per
623 2925 787 3021 coelum,
806 2950 919 3004 nervo
933 2922 1118 3019 stridente,
1138 2924 1264 3032 sagitta
1366 2967 1369 2973 ·

317 3055 545 3163 Hyrtacidae
566 3062 711 3167 juvenis
729 3062 896 3143 volucres
913 3060 1116 3142 diverberat
1133 3091 1249 3163 auras,
1297 3105 1304 3119 ·
1369 3127 1373 3133 .

319 3197 372 3275 Et
389 3197 732 3309 venit,advers1que
749 3199 914 3309 infigitur
931 3198 1060 3287 arbore
1080 3200 1182 3283 mali

312 3332 520 3447 Intremuit
540 3335 661 3416 malus
662 3336 891 3446 ti,rnuitque
914 3339 1084 3419 exterrita
1104 3339 1235 3451 pennis
1295 3368 1353 3454 50
1357 3370 1379 3457 5

323 3469 428 3571 Ales,
449 3490 488 3553 et
504 3473 646 3582 ingenti
664 3472 862 3556 sonuerunt
881 3476 1007 3556 omnia
1020 3478 1159 3585 plausu.
1258 3531 1263 3539 ·

315 3601 413 3692 Post
430 3638 513 3694 acer
526 3610 748 3695 Mnestheus
773 3613 933 3706 addqu
953 3617 1116 3696 constitit
1134 3645 1273 3714 arcu,
1367 3668 1371 3675 -

324 3752 412 3832 Alta
425 3773 565 3862 petens,
587 3754 794 3865 pariterque
810 3755 937 3836 oculos
956 3753 1148 3866 telumque
1161 3732 1371 3883 tetenditsr¹

312 3878 398 3970 'Ast
420 3885 536 4001 ipsam
554 3893 778 3974 miserandus
795 3921 904 3976 avem
931 3895 1142 4005 contingere
1155 3897 1253 3979 ferro

325 4028 419 4108 Non
432 4030 565 4132 valuit3
596 4032 712 4112 nodos
733 4050 770 4112 et
788 4031 933 4113 vincula
951 4031 1047 4113 linea
1067 4034 1177 4146 rupit,
1257 4062 1384 4157 ··510

327 4154 472 4269 Queis
463 4200 596 4254 annexa
614 4174 750 4283 pedem
770 4173 870 4257 malo
884 4175 1067 4283 pendebat
1084 4177 1132 4257 ab
1148 4176 1234 4267 alto.

1326 4312 1392 4396 illa
