2872 5176
357 356 829 460 Aruernoerr.
860 352 994 462 Vll(¹
1128 352 1190 464 8'1

121 564 280 647 illorum
294 565 341 647 de
356 586 478 676 gente,
496 566 589 676 patri
600 593 694 676 quos
705 564 872 647 Daedala
883 566 994 648 Circe
1167 573 1182 625 '·

121 704 372 813 Suppositade
386 722 504 786 matre
518 702 653 784 nothos
668 701 787 784 furata
808 705 956 790 creavit.
1172 702 1176 709 ’
1264 672 1270 691 ’

119 841 276 923 Talibus
290 844 484 925 Aeneadae
497 842 602 923 donis
620 842 799 951 didtisque
829 844 956 924 Latini

118 979 327 1063 Sublrmes
317 1011 355 1062 m
364 1006 469 1092 equis
481 983 638 1063 redeunt
640 1010 874 1092 ,pacemque
887 998 1089 1094 reportant.
1102 978 1154 1067 28
1161 1004 1187 1095 5

181 1120 283 1201 Ecce
299 1139 426 1202 autem
438 1120 597 1203 Inachiis
610 1120 681 1201 sese
695 1121 874 1201 referebat
890 1123 938 1202 ab
947 1124 1061 1232 Argrs
1144 1168 1149 1177 ,

123 1261 235 1343 Saeva
247 1264 350 1368 Jovis
370 1266 521 1374 conjux,
541 1264 716 1373 aurasque
738 1265 882 1344 investa
898 1265 1070 1364 tenebatg
1175 1238 1183 1311 Ῑ

122 1398 175 1478 Et
193 1397 333 1481 laetum
346 1388 498 1483 Aenean
501 1400 752 1511 ,classemque
772 1430 821 1483 ex
838 1402 984 1484 aethere
1001 1404 1113 1512 longe
1176 1448 1180 1455 <
1253 1462 1259 1471 -

123 1538 351 1620 Daidaniam
367 1542 490 1622 Siculo
505 1542 690 1652 prospexit
708 1542 755 1621 ab
776 1543 891 1651 usque
905 1542 1097 1653 Pachyno.
1176 1583 1186 1595 ··

123 1678 286 1760 Moliri
270 1708 352 1789 Jam
370 1684 467 1761 testa
485 1679 624 1761 videt
585 1708 691 1789 ‚jam
710 1679 823 1761 fidere
840 1700 978 1779 terrae;
1099 1710 1185 1841 29o

123 1817 331 1900 Deseruisse
349 1837 454 1903 rates.
478 1819 576 1903 stetit
594 1848 669 1902 acrr
657 1820 759 1900 fixa
773 1819 913 1903 dolore.

124 1956 232 2037 Turn
251 1957 417 2068 quassans
431 1980 555 2071 caput,
579 1959 673 2042 haec
693 1957 826 2040 effudit
849 1961 1181 2071 pedoreditla:

123 2096 216 2178 Heu
233 2097 385 2208 stirpem
398 2100 565 2196 invisam,
577 2118 615 2181 et
628 2100 711 2181 fatis
725 2101 905 2181 contraria
918 2101 1049 2181 nostris
1175 2090 1182 2149 ¹·

124 2236 217 2318 Fata
235 2236 455 2346 Phrygum!
494 2267 589 2318 num
609 2240 727 2346 Sigeis
747 2238 971 2318 occumbere
994 2237 1179 2347 campis'l

122 2376 237 2459 Num
249 2379 347 2488 capti
354 2396 506 2488 potuere
516 2379 620 2489 capii
636 2404 731 2459 num
743 2377 887 2460 incensa
895 2380 1072 2460 cremavit
1105 2402 1191 2493 295

125 2520 242 2628 Troja
260 2519 385 2604 viros?
415 2521 555 2603 medias
573 2521 681 2618 acies,
699 2520 915 2631 mediosque
929 2548 995 2632 per
1006 2494 1110 2632 ignea
1180 2540 1184 2551 ’

125 2662 301 2744 invenere
316 2664 427 2744 viam.
458 2682 507 2760 at,
527 2664 649 2763 credo,
670 2692 754 2746 mea
768 2664 924 2745 numina
938 2664 1092 2749 tandem
1178 2689 1181 2695 ’

127 2800 232 2882 Fessa
243 2802 380 2911 jacent,
399 2802 492 2883 odiis
513 2821 577 2883 aut
593 2802 795 2881 exsaturata
809 2802 945 2908 quievi.

126 2940 363 3047 Quinetiam
382 2939 679 3051 patriaexcusloa
696 2938 826 3019 infesta
849 2966 915 3050 per
932 2938 1050 3020 undae
1131 2976 1134 2980 ·
1180 2974 1185 2983 ·

125 3084 225 3167 Ausa
236 3083 351 3194 sequi,
365 3103 402 3165 et
416 3083 582 3196 profugis
593 3099 673 3164 toto
682 3110 746 3163 me
757 3108 946 3192 opponere
959 3100 1090 3193 ponto.
1106 3106 1194 3192 300
1271 3147 1277 3157 .

126 3223 357 3334 Absumptae
370 3224 410 3304 in
421 3227 588 3307 Teucros
599 3224 692 3302 vires
709 3221 879 3330 coelique
890 3221 1086 3332 marisque.
1185 3254 1188 3261 ·

126 3363 233 3469 Quid
254 3365 386 3472 Syrtes,
400 3383 464 3446 aut
482 3361 602 3471 Scylla
615 3359 725 3459 mihi,
740 3361 832 3471 quid
848 3360 948 3442 vasta
969 3358 1180 3471 Charybdis

128 3501 300 3585 Profuit?
323 3521 450 3613 optato
468 3504 679 3585 conduntur
697 3501 876 3610 Tybridis
893 3500 1012 3600 alveo,
1173 3540 1188 3621 ·Ι

128 3645 256 3726 Securi
275 3644 396 3756 pelagi
410 3663 521 3757 atque
536 3645 624 3726 mei.
655 3645 762 3725 Mars
779 3642 931 3753 perdere
951 3657 1103 3752 gentem

126 3782 343 3865 Immanem
359 3784 568 3895 Lapithum
587 3781 726 3863 valuit:
758 3778 933 3862 eonceffit
953 3778 993 3859 in
1005 3779 1075 3857 irae
1109 3800 1163 3887 30
1170 3798 1195 3886 ς

128 3922 211 4032 lpse
228 3922 344 4003 deum
357 3926 549 4034 antiquam
570 3922 713 4032 genitor
724 3918 919 4029 Calydona
937 3917 1104 3998 Dianae:
1134 3950 1137 3956 ·

129 4063 247 4171 Qod
264 4056 378 4145 scelus
405 4085 467 4147 aut
479 4063 649 4176 Lapithis
665 4080 812 4146 tantum
826 4076 889 4141 aut
903 4056 1096 4169 Calydone
1113 4073 1200 4135 'rne-

313 4214 450 4291 rente?
679 4242 684 4249 ·

140 4372 144 4377 ·
189 4344 380 4464 Tou-11.
693 4340 735 4423 G
1129 4325 1202 4410 Ast
