2872 5176
200 336 298 465 256
372 334 731 431 P.V1uort11
767 334 1061 441 Marouts

194 538 271 619 Iret
288 536 389 619 utad
405 562 546 634 mutos,
575 534 735 648 urbrque
746 535 949 622 adverteret
963 567 1116 653 agmen
1186 573 1269 703 555

193 677 323 775 Ocius,
352 694 390 758 et
403 677 520 759 subita
532 675 693 758 turbaret
705 677 810 758 clade
822 678 989 767 Latium

190 812 278 911 Ille,
300 833 354 914 ut,
388 814 569 924 vestigans
585 812 724 895 diversa
739 841 804 925 per
823 815 975 924 aguriua
994 819 1208 927 Turnum,

190 954 287 1036 Huc'
310 973 422 1067 atque
439 952 517 1043 huc
536 954 631 1036 acies
648 953 877 1037 circumtulit
886 992 916 1053 ς.
941 957 1080 1068 aspicit
1095 963 1238 1049 urbem

189 1092 412 1174 Immunem
426 1092 518 1173 tanti
534 1091 624 1173 belli
640 1109 752 1201 atque
769 1091 924 1202 impune
940 1096 1137 1203 quicum.

189 1234 382 1316 Continuo
394 1262 541 1345 pugnae
553 1233 721 1315 accendit
740 1232 889 1342 majoris
901 1232 1057 1347 imagos
1174 1247 1256 1355 566

188 1370 402 1468 Mnesthea,
412 1370 694 1480 Sergestumque
701 1389 822 1470 vocat,
830 1369 1256 1488 fortemqueSeresbrm,

185 1506 385 1620 Dustores
392 1509 658 1618 tumulumque
672 1509 782 1618 eupit,
795 1535 874 1619 quo
893 1526 1037 1595 caetera
1053 1514 1253 1601 Tercrum

186 1646 386 1728 Concurrit
397 1646 521 1758 legio:
554 1660 628 1730 ncc‘
639 1647 751 1744 scuta,
773 1664 838 1727 aut
857 1643 995 1757 spicula
1008 1648 1118 1735 densi
1243 1692 1248 1699 ·

185 1783 406 1895 Deponunt.
437 1784 535 1869 celso
554 1785 700 1867 medius
720 1783 816 1865 stans
828 1810 961 1894 aggere
980 1784 1109 1871 fatur:

184 1923 339 2034 Nequa
350 1925 654 2007 meisestudistis
667 1952 785 2007 mora.
802 1924 946 2037 Jupiter
959 1920 1032 2009 bac
1046 1927 1142 2013 stata
1166 1935 1250 2044 565

182 2061 275 2144 Neu
292 2063 375 2174 quis
387 2066 438 2147 ob
451 2065 643 2174 inceptum
655 2065 821 2148 subitum
837 2062 934 2155 mihi
954 2064 1104 2176 segnior
1120 2069 1191 2153 ito.
1239 2102 1242 2117 ·

184 2202 334 2289 Urbem
351 2204 478 2307 hodie,
509 2206 657 2288 cauum
675 2204 778 2310 belli,
814 2231 926 2314 regna
943 2202 1019 2316 ipsa·
1029 2207 1178 2311 Latini,

183 2344 241 2426 Ni
255 2346 406 2430 frenum
419 2347 598 2458 accipere,
615 2363 653 2429 et
671 2347 760 2428 visti
776 2370 902 2457 parere
918 2342 1097 2449 fateumr,

183 2485 341 2583 Eruam,
376 2504 414 2566 et
427 2486 632 2595 aequasolo
650 2483 833 2567 fumantia
850 2482 1016 2565 culmina
1028 2514 1193 2598 ponam,

182 2621 330 2730 Scilicet
343 2625 566 2736 exspectem,
599 2626 710 2706 libeat
723 2625 818 2706 dum
831 2623 966 2733 praelia
984 2626 1127 2710 Turno
1160 2656 1251 2745 570

181 2763 321 2845 Nostra
331 2765 419 2875 pati,
451 2766 641 2876 rursusque
658 2767 747 2847 velit
768 2791 985 2845 concurrere
1003 2766 1158 2854 victus?

180 2906 271 2986 Hoc
283 2926 407 3018 caput,
443 2937 469 2990 o
483 2909 592 3010 cives,
624 2907 716 2991 haec
731 2907 818 2989 belli
838 2906 985 2987 summa
995 2908 1167 2994 nefandi.

179 3046 288 3126 Ferte
306 3047 403 3129 faocs
416 3075 584 3160 propere,
616 3047 819 3157 foedusque
836 3046 1013 3155 reposcite
1032 3046 1220 3130 flammis.

177 3186 357 3270 Dixerat:
389 3205 500 3297 atque
510 3189 644 3271 animis
662 3187 794 3299 pariter
808 3187 1029 3268 certantibus
1044 3215 1187 3269 omnes

177 3321 283 3403 Dant
292 3352 471 3425 cuneum,
498 3329 681 3435 densaque
693 3328 738 3407 ad
759 3352 884 3406 muros
903 3324 1004 3405 mole
1024 3323 1217 3406 seruntur.

179 3460 303 3542 Scalae
315 3462 528 3573 improviso,
563 3464 775 3575 subitusque
795 3463 964 3574 apparuit
976 3464 1085 3572 ignis.
1155 3467 1244 3577 576

177 3601 398 3684 Discurrunt
414 3603 475 3683 alii
495 3605 541 3686 ad
555 3625 688 3716 portas,
723 3605 935 3713 primosque
951 3602 1165 3703 trucidant;

172 3739 334 3821 Ferrum
350 3742 413 3824 alii
429 3762 614 3853 torquent,
642 3762 680 3825 ct
691 3744 916 3825 obumbrant
931 3720 1079 3823 aethera
1092 3742 1196 3829 telis.

97 3984 100 3990 Ι
178 3877 260 3987 Ipse
279 3882 372 3962 inter
390 3884 530 3991 primos
547 3886 717 3965 dextram
740 3881 807 3964 sub
826 3879 975 3962 moenia
994 3880 1115 3962 tendit

175 4018 332 4117 Aeneas,
365 4047 574 4129 magnaque
588 4020 726 4102 incusat
738 4047 830 4102 voce
842 4021 1047 4118 Latinum3
1150 4025 1240 4135 580

172 4153 420 4267 Testaturque
439 4159 542 4266 deos,
569 4160 703 4241 iterum
723 4159 756 4278 se
768 4158 814 4240 ad
829 4158 962 4270 praelia
976 4158 1091 4268 cogi;
1176 4194 1179 4199 ·
1210 4157 1214 4161 ’

236 4304 241 4311 ’
1183 4300 1246 4381 Bis
