2872 5176
367 384 678 480 Aruernos
716 380 833 476 er.
860 382 964 479 XI..
1085 412 1184 511 229

119 587 207 670 Nec
218 584 371 698 sonitus,
385 612 547 684 memor,
567 602 640 665 aut
650 584 828 666 venientis
845 584 893 665 ab
911 581 1059 669 aethere
1074 585 1154 685 teli,

111 725 232 807 Hasta
249 726 317 807 sub
329 699 512 808 exsertam
526 725 647 806 donec
666 724 805 835 perlata
822 723 1003 836 papillam
1079 732 1081 736 ’

112 865 257 967 Haefit,
289 865 575 975 virgineumque
590 863 663 945 alte
680 864 776 945 bibit
786 867 869 945 asia
880 891 1064 949 cruorem.

112 1008 355 1090 Concurrunt
373 1006 536 1116 trepidae
554 1005 723 1104 comites,
731 1004 1001 1117 dominamque
1015 1025 1186 1093 ruentem

113 1147 337 1259 Suscipiunt
357 1147 454 1257 fugit
473 1165 558 1228 ante
577 1175 709 1229 omnes
723 1147 915 1229 exterritus
933 1152 1074 1250 Aruns,
1096 1152 1182 1235 806

111 1288 272 1370 Laetitia
292 1288 478 1399 mistoque
496 1306 625 1370 metu:
655 1315 725 1369 nec
735 1291 818 1397 jam
832 1290 997 1400 amplius
1015 1289 1141 1375 hastae
1175 1310 1179 1321 '

111 1431 288 1531 Credere,
319 1460 389 1512 nec
400 1430 482 1511 telis
493 1456 686 1510 occurrere
705 1430 870 1537 virginis,
900 1431 1025 1518 audet.

114 1571 176 1650 Ac
196 1569 299 1651 velut
319 1570 395 1666 ille,
426 1570 528 1680 prius
549 1595 668 1677 quam
685 1567 759 1649 tela
774 1570 928 1652 inimica
942 1572 1154 1682 sequantur,

114 1709 307 1789 Continuo
324 1710 364 1790 in
381 1727 530 1790 montes
544 1707 616 1789 sese
629 1708 731 1788 avius
741 1708 885 1789 abdidit
903 1710 996 1794 altos
1098 1717 1184 1802 810

114 1847 252 1932 Occiso
272 1851 430 1963 pastore,
463 1850 586 1962 lupuS,
618 1878 804 1960 magnove
811 1853 986 1961 juvenco,
1155 1864 1161 1871 '

112 1992 292 2075 Conscius
306 1995 455 2077 audacis
470 1994 571 2092 sacti,
604 1995 842 2103 caudamque
859 1996 1069 2082 remulcens
1149 2068 1153 2073 .

113 2135 275 2244 Subjecit
293 2137 520 2246 pavitantem
540 2153 658 2235 utero,
688 2135 865 2244 filvasque
883 2138 1039 2246 petivit:

115 2276 234 2356 Haud
251 2277 354 2357 secus
371 2304 419 2357 ex
433 2276 552 2358 oculis
566 2276 602 2356 se
619 2275 788 2356 turbidus
806 2275 958 2357 abstulit
967 2282 1111 2379 Aruns,
1175 2284 1177 2288 ’

114 2415 398 2526 Contentusque
416 2416 506 2525 suga
520 2415 654 2496 mediis
672 2414 710 2496 se
728 2415 930 2497 immiscuit
942 2418 1068 2501 arinis.
1104 2419 1151 2502 81
1158 2420 1183 2535 ς’

114 2551 186 2635 Illa
203 2583 322 2636 manu
342 2554 506 2637 moriens
524 2553 642 2635 telum
664 2551 799 2637 trahit:
831 2553 906 2635 ossa
925 2554 987 2638 sed
1003 2557 1099 2641 inter

114 2694 274 2791 Ferreus
287 2696 335 2776 ad
348 2695 466 2778 costas
483 2695 559 2777 alto
579 2696 649 2777 stat
662 2693 811 2776 'volnere
824 2723 970 2782 mucro.
1013 2708 1018 2715 '

116 2835 274 2915 Labitur
294 2835 513 2946 exsanguis:
553 2835 729 2917 labuntur
748 2833 882 2943 frigida
899 2836 1004 2918 letho
1051 2852 1055 2860 '

110 2973 299 3067 Lumina:
331 2987 538 3086 purpureus
556 2974 751 3084 quondam
765 2972 868 3054 color
886 3001 950 3055 ora
970 2974 1136 3084 reliquit.

112 3112 222 3192 Turn
243 3115 293 3194 fic
310 3113 495 3224 exspirans
512 3119 661 3195 Accam
676 3140 724 3193 ex
741 3111 956 3220 aequalibus
968 3141 1084 3193 unam
1097 3115 1183 3211 829

112 3254 359 3363 Alloquitur3
389 3255 465 3336 fida
483 3274 568 3337 ante
589 3254 675 3334 alias
693 3281 789 3363 quae
806 3251 881 3333 sola
898 3253 1094 3354 Camillae,

113 3395 285 3501 Qicum
300 3395 425 3507 partiri
439 3423 566 3495 curas3
594 3369 705 3503 atque
717 3393 809 3474 haec
821 3391 872 3472 ita
887 3392 1006 3477 fatur:
1169 3418 1173 3423 '

112 3533 322 3639 Haemus,
338 3538 445 3616 Acca
464 3536 578 3635 soror,
597 3534 722 3646 potui:
741 3560 842 3614 nunc
859 3531 992 3614 volnus
1004 3534 1185 3616 acerbum

111 3675 289 3776 Conficit,
320 3694 358 3757 et
377 3676 537 3756 tenebris
555 3674 764 3783 nigrescunt
784 3675 913 3755 omnia
933 3675 1090 3756 circum.
1127 3660 1130 3664 Δ
1166 3760 1169 3765 ,

111 3815 264 3928 Effuge,
296 3834 334 3899 et
346 3816 440 3898 haec
459 3818 596 3898 Turno
606 3816 783 3898 mandata
799 3816 996 3897 noviffima
1008 3814 1131 3927 perfer
1142 3846 1172 3911 z¹

112 3955 295 4038 Succedat
311 3984 470 4069 pugnae,
500 3954 758 4066 Trojanosque
771 3971 892 4065 arceat
908 3954 1010 4035 urbe.
1028 4061 1033 4071 „
1094 3942 1180 4039 '826

112 4096 278 4211 Jamque
291 4095 385 4215 tale.
413 4096 526 4183 srmul
539 4091 1140 4221 his-distislinquebatbabenas,,

656 4238 753 4347 Qr
1118 4231 1188 4314 Ad
