2872 5176
312 326 412 429 188
505 324 557 420 Ρ.
587 322 854 416 Vrnoturr
889 320 1169 423 Msnonrs

303 528 488 647 Conjicitz
516 525 582 608 illa
598 525 686 606 dato
703 523 811 607 vertit
828 520 978 634 vestigia
994 542 1111 637 tergo.
1288 534 1387 645 ⁶4⁶.

302 674 345 755 T
344 700 413 754 um
433 698 521 753 vero
539 671 696 748 Aenean
712 662 881 747 aversum
898 683 940 747 ut
956 667 1086 751 cedere
1099 673 1258 759 Turnus
1304 662 1308 669 ¹
1373 692 1384 759 “.

301 813 483 911 Credidit,
494 829 606 921 atque
619 809 748 892 animo
761 810 865 920 spem
883 808 1052 891 turbidus
1062 809 1183 897 hausit
1196 818 1385 907 inanem:

300 956 517 1068 Qosugis,
544 957 703 1035 Aenea?
734 948 920 1033 thalamos
932 980 982 1033 ne
993 952 1115 1038 desere
1127 965 1283 1068 pactosg

300 1099 389 1181 Hac
403 1095 550 1178 dabitur
566 1093 695 1174 dextra
715 1089 822 1171 tellus
834 1090 995 1201 quaesita
1008 1121 1073 1202 per
1087 1096 1217 1183 undas.
1286 1105 1317 1190 6
1323 1133 1384 1219 50

299 1239 413 1323 Talia
429 1235 635 1320 vociferans
650 1231 824 1341 sequitur,
857 1230 1103 1344 strictumque
1123 1242 1298 1329 coruscat

298 1381 551 1475 Mucronem3
582 1403 653 1457 nec
667 1373 763 1454 serre
781 1374 882 1454 videt
897 1374 961 1454 sua
974 1378 1110 1484 gaudia
1130 1403 1279 1471 ventos.

359 1522 474 1604 Forte
485 1518 584 1614 ratis,
616 1514 701 1596 celfi
716 1518 915 1623 conjundta
931 1494 1121 1629 crepidine
1137 1522 1231 1625 saxi,

296 1658 485 1773 Expofitis
505 1656 622 1738 stabat
635 1653 749 1753 scalis,
781 1673 819 1736 et
829 1673 943 1764 ponte
958 1676 1100 1766 parato,

297 1804 389 1917 Qua
404 1826 471 1882 rex
482 1794 641 1878 Clusinis
652 1794 826 1876 advetus
841 1794 991 1877 Ofinius
1003 1798 1090 1881 oris.
1283 1806 1315 1889 6
1321 1834 1348 1920 ς
1354 1836 1382 1925 5

295 1940 392 2023 Huc
412 1936 485 2017 'sese
501 1933 644 2044 trepida
660 1936 812 2013 Aeneae
829 1932 1006 2042 fugientis
1024 1935 1152 2048 imago
1315 1949 1318 1953 ’

295 2078 462 2189 Conjicit
478 2076 518 2156 in
531 2074 707 2173 latebras3
738 2101 808 2154 nec
822 2074 979 2156 Turnus
989 2074 1135 2185 segnior
1154 2079 1271 2164 instat
1277 2124 1293 2183 3

294 2217 577 2331 Exsupetatque
594 2239 731 2311 moras,
761 2231 801 2296 et
816 2232 948 2322 pontes
960 2216 1113 2296 transilit
1124 2219 1235 2306 altos.

295 2356 377 2439 Vix
390 2352 741 2466 proramattigerat3
772 2353 916 2462 rumpit
930 2354 1097 2435 Saturnia
1113 2355 1267 2460 sunem,

294 2492 551 2602 Avolsamque
570 2491 665 2603 rapit
678 2489 843 2572 revoluta
856 2520 922 2601 per
938 2521 1099 2602 aequora
1117 2499 1261 2586 navim.
1278 2506 1375 2593 660

291 2631 414 2716 lllum
431 2651 558 2713 autem
580 2632 726 2711 Aeneas
743 2631 931 2712 absentem
949 2634 990 2712 in
1009 2637 1145 2744 praelia
1162 2640 1310 2750 poscit;

292 2773 418 2855 Obvia
428 2771 549 2853 multa
565 2772 690 2851 virum
703 2772 866 2851 demittit
883 2800 1038 2883 corpora
1051 2780 1178 2863 morti.

292 2916 409 2997 Tunc
421 2914 510 2995 levis
523 2911 625 2992 haud
644 2911 738 2991 ultra
753 2911 906 2994 latebras
920 2916 1006 3021 jam
1025 2919 1170 3025 quaerit
1191 2921 1339 3035 imago,

292 3057 365 3135 Sed
379 3055 538 3135 sublime
552 3052 677 3133 volans
691 3053 784 3133 nubi
798 3054 833 3134 se
848 3055 1054 3137 immiscuit
1073 3077 1195 3159 atrae;

289 3197 394 3275 Cum
407 3196 586 3274 Turnum
598 3192 724 3271 medio
737 3194 873 3272 interea
887 3193 959 3274 sert
975 3223 1135 3304 aequore
1147 3200 1272 3284 turbo.

290 3334 469 3445 Respicit,
490 3333 637 3439 ignarus
651 3359 776 3411 rerum
789 3333 1024 3441 ingratusque
1037 3335 1173 3434 salutis,
1273 3342 1364 3426 666

289 3473 343 3552 Et
355 3468 522 3579 duplices
539 3495 630 3547 cum
643 3495 733 3547 voce
745 3495 877 3548 manus
895 3469 944 3549 ad
962 3470 1076 3552 sidera
1090 3474 1209 3555 tendit
1227 3508 1238 3558 ς

290 3612 543 3721 Omnipotens
563 3612 720 3717 genitor,
756 3617 897 3690 tanton'
917 3639 981 3690 me
994 3614 1152 3696 crimine
1168 3616 1336 3726 dignum

290 3751 457 3848 Duxisti,
493 3767 531 3829 et
545 3748 633 3829 tales
650 3749 798 3829 voluisti
810 3751 1018 3859 expendere
1031 3761 1195 3863 poenas?

290 3894 382 3999 Qo
399 3891 520 3973 seror?
552 3889 652 3970 unde
664 3889 761 3972 abii?
792 3918 890 3997 quae
905 3918 969 3971 me
982 3890 1086 4003 fuga,
1115 3922 1281 4004 quemve
1301 3926 1363 3981 re-

473 4029 610 4110 ducet?
1269 4040 1363 4155 670

288 4170 536 4293 Laurentesne
549 4172 687 4254 iterum
704 4197 834 4255 muros
846 4189 911 4256 aut
926 4171 1045 4294 casira
1053 4173 1218 4263 videbo?

1250 4316 1370 4441 Qa
