2872 5176
191 2136 195 2147 ι

261 411 327 506 70
445 384 1105 483 P.V1uu1u11Maaours

319 906 324 911 .
393 819 444 917 P.
478 823 806 925 VIRGILII
841 821 1192 931 MARONIS

253 1189 1334 1475 AENEIDOS

514 1608 871 1693 LIBER
952 1607 1044 1690 VII.

253 2012 473 2357 TU
489 2033 642 2147 quoque
661 2031 829 2115 litoribus
845 2028 989 2132 nostris,
999 2029 1145 2119 Aeneia
1156 2038 1295 2138 nutrix,

107 2292 110 2297 ι
409 2174 413 2181 ’
450 2166 654 2259 Aeternam
666 2172 828 2254 moriens
842 2167 998 2269 famam,
1012 2178 1156 2275 Caieta,
1170 2178 1326 2262 dedisti:

452 2313 505 2396 Et
520 2340 621 2396 nunc
644 2313 760 2397 servat
779 2309 899 2395 honos
918 2310 1043 2398 sedem
1061 2319 1160 2416 tuus,
1179 2319 1327 2428 ossaque

477 2430 481 2439 ¹
552 2486 693 2543 nomen

250 2595 433 2709 Hesperia
453 2596 493 2678 in
511 2626 661 2711 magna,
679 2599 707 2682 ti
725 2628 801 2717 qua
819 2601 872 2683 est
890 2630 933 2683 ea
948 2602 1078 2713 gloria,
1092 2594 1251 2713 signant.

250 2743 308 2825 At
327 2742 410 2853 pius
426 2742 593 2853 exequiis
611 2744 757 2824 Aeneas
774 2744 842 2823 rite
859 2742 996 2844 solutis,
1297 2773 1321 2855 ς

250 2887 401 2995 Aggere
417 2884 625 2997 compofito
639 2884 791 2982 tumuli,
808 2884 1009 2997 postquam
1027 2886 1100 2969 alta
1119 2887 1294 2997 quierunt

251 3023 442 3134 Aequora,
458 3022 579 3104 tendit
593 3024 660 3103 iter
677 3024 779 3120 velis,
799 3041 1026 3134 portumque
1045 3027 1231 3134 relinquit.

250 3164 427 3275 Aspirant
441 3191 549 3247 aurae
567 3163 606 3244 in
623 3167 786 3262 noctem,
812 3193 881 3244 nec
900 3166 1058 3247 candida
1073 3167 1224 3247 cursum

252 3304 363 3388 Luna
381 3325 514 3417 negat:
546 3304 712 3415 splendet
729 3305 891 3385 tremulo
909 3305 975 3386 sub
993 3305 1138 3388 lumine
1151 3325 1301 3418 pontus.

251 3445 431 3530 Proxima
447 3444 619 3547 Circaeae
634 3445 812 3526 raduntur
830 3442 936 3525 litora
952 3464 1067 3527 terrae
1085 3488 1098 3545 3
1269 3476 1321 3532 ro

253 3584 370 3668 Dives
387 3582 585 3674 inacceffoe
602 3580 669 3666 ubi
686 3582 769 3665 solis
787 3582 863 3664 filia
882 3584 988 3667 lucos

253 3728 412 3835 Affiduo
430 3728 573 3813 resonat
589 3722 712 3827 cantu,
729 3724 907 3836 tectisque
923 3722 1087 3839 superbis

95 3892 100 3905 ’
254 3868 344 3949 Urit
359 3862 551 3951 odnratam
563 3872 745 3951 nocturna
763 3867 803 3946 in
821 3864 973 3947 lumina
984 3863 1155 3962 cedrum,

253 4011 403 4118 Arguto
422 4024 549 4091 tenues
569 4033 782 4120 percurrens
799 4004 947 4118 pectine
960 4004 1061 4086 telas.

253 4145 361 4232 Hinc
377 4149 542 4232 exaudiri
561 4149 723 4261 gemitus
741 4147 890 4258 iraeque
909 4146 1077 4246 leonum,
1266 4166 1319 4252 15

253 4272 390 4365 Vincla
406 4274 653 4374 recusantum,
670 4289 709 4357 et
724 4272 801 4359 sera
817 4272 885 4356 sub
902 4273 1013 4356 noete
1030 4264 1259 4353 rudentum:

1178 4402 1324 4514 Setign
