2872 5176
259 351 357 491 μθ
447 349 812 446 P.V1nn1n11
848 346 1134 444 Manon1r

255 552 479 663 Languescit
496 552 680 650 moriens3
711 548 845 632 lassove
862 576 1044 662 papavera
1061 549 1163 634 collo
1293 578 1297 585 ·

255 672 450 794 Demisere
467 709 591 803 caput,
622 690 749 801 pluvia
766 717 858 772 cum
877 689 973 772 sorte
993 711 1205 800 gravantur.
1246 750 1250 757 -

256 798 314 917 Ᾱῐ
325 834 441 915 Nisus
451 834 526 915 ruit
542 834 582 914 in
595 832 753 929 medios,
784 831 981 941 solumque
998 860 1065 944 per
1085 860 1221 916 omnes

257 944 501 1069 Volscentem
513 976 625 1085 petit:
656 971 785 1054 insolo
811 971 1010 1055 Volscente
1027 993 1208 1059 moratur.

260 1117 394 1223 Quem
413 1115 559 1197 circum
579 1113 774 1224 glomerati
795 1110 931 1211 hostes,
970 1111 1062 1197 hinc
1082 1116 1257 1197 cominus
1275 1132 1337 1198 at-

258 1226 262 1234 .
318 1308 322 1315 -
445 1285 520 1365 que
537 1254 628 1335 hinc
784 1296 788 1302 ·
1237 1285 1333 1366 440

260 1398 499 1495 Proturbant.
528 1395 639 1477 instat
650 1422 727 1476 non
744 1395 874 1494 secius,
906 1423 950 1476 ac
970 1413 1066 1478 rotat
1083 1396 1211 1480 ensem

82 1560 85 1564 ’
260 1508 531 1634 Fulmineum
561 1536 683 1617 donec
699 1534 834 1616 Rutuli
852 1533 1046 1618 clamantis
1060 1535 1101 1616 in
1117 1565 1182 1618 ore

261 1675 446 1759 Condidit
459 1676 623 1776 adverso,
653 1693 692 1757 et
702 1675 865 1754 moriens
877 1674 1045 1757 animam
1058 1675 1208 1759 abstulit
1219 1674 1337 1765 hosti.

258 1817 305 1919 ,21⁹
306 1845 376 1898 um
385 1815 492 1924 super
505 1814 722 1896 exanimem
735 1814 807 1893 sese
826 1815 981 1923 projecit
999 1816 1168 1897 amicum

259 1934 475 2053 confossus,
484 1954 702 2064 placidaque
709 1953 763 2034 ibi
772 1953 932 2034 demum
945 1973 1067 2036 morte
1078 1959 1232 2068 quievit.
1241 1988 1302 2067 44
1308 1986 1335 2071 5

259 2094 459 2203 Fortunati
474 2092 609 2178 ambo!
640 2093 669 2175 fi
687 2093 781 2205 quid
798 2122 884 2175 mea
901 2096 1066 2176 carmina
1083 2097 1243 2207 possunt,

262 2206 386 2316 Nulla
406 2231 484 2314 dies
500 2259 669 2342 unquam
688 2232 850 2313 memori
866 2259 930 2313 vos
943 2234 1087 2315 eximet
1098 2265 1190 2319 aevo
1199 2278 1211 2338 3

263 2372 377 2454 Dum
394 2372 533 2454 domus
550 2373 692 2454 AEneae
710 2372 874 2484 Capitoli
891 2374 1090 2456 immobile
1107 2378 1243 2458 saxum

263 2510 438 2613 Accolet,
468 2512 749 2623 imperiumque
761 2532 864 2623 pater
877 2516 1075 2598 Romanus
1088 2516 1255 2601 habebit.

323 2651 495 2733 Victores
512 2652 648 2762 praeda
664 2651 800 2732 Rutuli
810 2652 1004 2763 spoliisque
1017 2655 1137 2765 potiti,
1242 2687 1337 2771 450

263 2792 506 2877 Volscentem
522 2792 744 2875 exanhnum
756 2793 936 2874 flentesin
950 2796 1066 2877 castra
1092 2797 1273 2884 serebant.

263 2937 352 3018 Nec
370 2940 494 3018 minor
510 2938 550 3017 in
566 2936 692 3017 castris
710 2935 846 3038 suetus,
877 2937 1093 3019 Rhamnete
1109 2960 1256 3053 reperto

264 3077 468 3186 Exsangui,
488 3091 526 3156 et
538 3075 671 3186 primis
688 3103 763 3156 una
776 3093 832 3156 tot
849 3077 962 3159 caede
981 3080 1169 3187 peremtis,

264 3215 507 3325 Serranoque,
528 3218 748 3324 Numaque.
777 3218 906 3326 ingens
920 3219 1118 3300 concursus
1137 3222 1184 3301 ad
1197 3223 1275 3332 ipsa

265 3356 446 3464 Corpora,
464 3354 739 3465 seminecesque
756 3358 865 3454 viros,
896 3358 1092 3467 tepidaque
1114 3379 1308 3443 recentem

263 3493 390 3608 Caede
401 3493 544 3589 locum,
553 3510 592 3573 et
601 3493 730 3603 plenos
741 3494 927 3604 spumanti
940 3494 1113 3605 sanguine
1124 3500 1232 3583 rivos.
1244 3535 1271 3611 4
1277 3510 1337 3616 56

224 3716 227 3721 .
263 3637 486 3747 Agnoscunt
505 3635 621 3748 spolia
634 3637 729 3717 inter
749 3636 796 3734 se,
825 3638 1044 3749 galeamque
1059 3640 1241 3723 nitentem

263 3775 438 3887 Messapi,
468 3793 508 3859 et
525 3775 647 3857 multo
665 3775 835 3886 phaleras
853 3778 984 3858 sudore
1005 3798 1181 3889 receptas.

326 3918 379 3996 Et
391 3918 474 4026 jam
484 3914 608 4027 prima
624 3944 723 3999 novo
737 3916 926 4027 spargebat
940 3917 1083 3999 lumine
1102 3939 1214 4001 terras

264 4051 427 4133 Tithoni
439 4078 619 4137 croceum
639 4052 812 4164 linquens
826 4083 957 4135 aurora
975 4056 1121 4140 cubile:
1244 4065 1337 4168 460

261 4193 353 4305 Jam
371 4191 445 4274 sole
464 4189 601 4311 infuso,
624 4192 708 4308 jam
723 4192 832 4313 rebus
848 4190 931 4278 luce
942 4196 1099 4295 retectis,

1180 4336 1342 4424 Tu'rnur
