2872 5176
177 354 278 461 ²50
359 324 412 421 Ρ.
446 324 716 421 Vmomn
750 322 1046 423 Mil-noum

172 530 445 643 Nequicquum
456 524 627 637 trepitat,
654 523 910 635 nequicquam
925 524 1080 636 spicula
1093 528 1231 617 dm

174 667 366 767 sollicitat,
379 666 598 778 prenutque
615 666 736 748 temni
745 664 891 775 forcipe
900 664 1070 753 summ.

172 806 703 916 Nuluviamfortunaregiu
734 803 1249 928 nihileufiotApollo4o5

173 948 373 1033 Subvenite
402 966 442 1033 et
456 948 583 1033 saevus
592 946 734 1056 campis
748 945 868 1056 magio
884 974 930 1031 ac
944 949 1075 1063 magis
1085 948 1226 1037 horter

172 1090 392 1199 crebrescit,
440 1087 664 1203 propiusque
680 1086 828 1171 malum
856 1088 924 1175 ett
969 1091 1061 1200 jun
1093 1094 1248 1206 pulvere

357 1228 509 1313 coelum

172 1373 275 1453 Stare
285 1368 412 1453 vident
418 1407 432 1466 t
459 1365 617 1450 subeunt
634 1364 793 1475 equitet.
820 1383 860 1450 et
867 1366 1012 1479 spicula
1027 1371 1167 1457 cestrie

173 1507 300 1593 Densa
316 1508 456 1591 cadunt
472 1505 618 1589 mediis.
648 1507 679 1586 it
694 1505 863 1589 tristimd
875 1504 1026 1593 aetiten
1037 1512 1196 1599 clamor

174 1648 388 1733 Bellantum
395 1652 594 1759 juvenum,
611 1664 650 1727 et
662 1648 758 1729 duro
776 1647 844 1729 sub
855 1646 982 1731 Marte
996 1650 1231 1745 eudem·

236 1792 316 1874 Hic
328 1791 470 1889 Veuuo,
500 1790 656 1897 indigno
672 1787 750 1868 uati
768 1786 1099 1909 cuncullitdolote,
1160 1826 1245 1911 4η

173 1931 423 2016 Dictamnum
437 1929 604 2037 genetrix
618 1929 898 2039 Cretoeemtpit
912 1929 962 2010 ab
974 1932 1062 2039 idn,

174 2069 381 2154 Puberibus
390 2069 541 2150 caulem
558 2066 658 2149 foliis
676 2088 714 2149 et
724 2068 817 2151 flore
826 2086 1049 2153 commum

174 2211 389 2322 Purpureo:
420 2238 497 2293 non
516 2209 579 2293 illa
598 2208 685 2291 feris
703 2210 890 2319 incognita
907 2212 1028 2320 cuprio

172 2351 370 2447 Gramina,
399 2378 492 2433 cum
509 2368 614 2458 tergo
630 2347 797 2430 volucres
808 2346 955 2431 haesere
971 2338 1143 2460 sagiuie
1159 2378 1216 2461 41
1225 2378 1249 2467 ς

174 2489 266 2573 Hoc
286 2490 426 2588 Venus,
455 2490 613 2571 obscuro
628 2488 766 2571 faciem
782 2488 1012 2571 circumdata
1030 2492 1192 2597 nimbo,

175 2627 343 2711 Detulit:
374 2627 449 2709 hoc
465 2628 592 2710 fusum
610 2626 719 2709 labris
729 2627 1004 2737 splendmtibut
1022 2658 1190 2719 amnem

175 2766 312 2866 inficit,
345 2768 492 2850 occulte
510 2767 720 2865 medicans,
752 2768 960 2877 spargitque
972 2769 1141 2853 salubres

175 2907 395 2989 Ambrofiae
411 2908 550 3005 succos,
582 2925 619 2989 et
643 2908 868 2988 odoriferam
887 2936 1105 3017 panaceam.

173 3038 284 3127 Fovit
299 3073 343 3126 ea
361 3047 494 3129 volnus
511 3045 669 3156 lympha
688 3047 887 3155 longaevus
906 3050 1004 3158 lapis
1150 3078 1245 3163 4²⁰

174 3189 374 3296 Ignoraus;
406 3187 600 3297 subitoque
615 3189 738 3268 omnis
753 3188 800 3268 de
812 3216 963 3298 corpore
978 3189 1079 3299 fugit

175 3325 329 3433 Quippe
346 3325 465 3421 dolor,
498 3327 620 3405 omnis
639 3326 737 3406 stetit
752 3327 832 3407 imo
852 3327 1001 3409 volnere
1018 3328 1185 3437 sanguis.

175 3465 341 3571 Jamque
355 3461 477 3542 secuta
491 3492 660 3562 manum,
693 3467 798 3548 nullo
816 3487 987 3575 cogente,
1017 3467 1150 3578 sagitta

173 3599 339 3697 Excidit,
371 3616 481 3708 atque
492 3629 609 3682 novae
629 3604 767 3684 rediere
780 3605 818 3684 in
835 3604 985 3715 pristina
997 3606 1103 3687 vires.

173 3748 296 3827 Atma
314 3742 378 3824 citi
396 3763 586 3854 properate
599 3745 703 3829 viro:
733 3747 826 3855 quid
847 3747 971 3830 statis?
1002 3748 1100 3856 Iapis
1149 3778 1211 3858 42
1218 3780 1245 3870 ς

172 3883 408 3984 Conclamat,
440 3887 654 3997 primusque
669 3889 813 3969 animos
835 3885 1216 3980 accenditinhostee.

173 4024 268 4106 Non
287 4021 380 4105 haec
400 4024 575 4107 humanis
587 4029 732 4138 opibus,
765 4056 841 4108 uon
861 4045 937 4111 arte
957 4027 1145 4138 magistra,

175 4161 401 4249 Proveuiuut
411 4203 424 4264 3
457 4193 578 4277 neque
596 4185 645 4269 te,
667 4170 808 4270 Acuca,
837 4195 922 4251 mea
935 4167 1085 4253 dexteru
1102 4168 1248 4258 scevae

237 4319 240 4325 ’
1108 4308 1245 4420 Major
