2872 5176
336 429 700 525 Aruernos.
745 420 999 521 Lruvl.
1137 456 1202 555 45

128 635 182 718 Et
202 627 494 744 solido-imponit
509 644 704 710 taurorum
720 626 858 709 viscera
876 626 1056 731 flammiS,

130 777 274 886 Pingue
290 773 477 885 superque
490 768 621 854 oleum
642 768 805 853 fundens
828 769 1041 854 ardentibus
1062 772 1170 857 extis.

126 922 232 1003 Ecce-
249 896 391 1014 autem,
412 913 526 1026 primi
539 913 607 994 sub
628 900 774 995 lumina
787 912 871 995 solis
888 932 927 994 et
939 934 1054 1020 ortus,
1120 945 1144 1000 2
1152 946 1176 1032 ς
1185 944 1208 1031 ς

105 1050 111 1055 ’
130 1059 209 1141 Sub
226 1056 385 1167 pedibus
398 1053 546 1165 mugire
560 1051 696 1152 solum,
711 1052 850 1161 etjuga
862 1071 995 1166 coepta
1007 1058 1152 1138 moveri

129 1197 342 1308 sylvarum,
367 1193 538 1303 visaeque
564 1220 673 1275 canes
692 1190 836 1274 ululare
856 1219 924 1305 per
941 1192 1132 1296 umbram,

131 1339 370 1430 Adventante
394 1336 476 1421 dea.
508 1334 659 1438 Procul,
685 1365 710 1418 o
733 1336 866 1448 procul
880 1337 969 1442 este,
985 1336 1150 1450 profani,

130 1479 357 1589 Conclamat
368 1470 486 1577 votet,
502 1495 660 1587 totoque
673 1478 831 1561 absrslite
851 1477 952 1564 luco.

133 1622 279 1731 Tuque
291 1617 427 1702 invade
444 1617 559 1718 viam,
576 1618 785 1728 vaginaque
801 1619 900 1728 eripe
915 1610 1082 1706 ferrum:
1122 1623 1212 1712 260

138 1761 262 1846 Nunc
285 1759 422 1842 animis
445 1786 554 1870 opus,
576 1762 718 1857 Aenea,
739 1785 843 1840 nunc
860 1764 1010 1870 pectore
1028 1759 1155 1846 firmo.

142 1904 317 1985 Tantum
338 1899 461 2000 effata,
483 1900 610 1983 furens
627 1919 734 1984 antro
751 1900 788 1985 se
807 1901 963 1983 immisit
975 1920 1115 2014 aperto.
1239 1980 1243 1988 .

140 2041 213 2126 Ille
229 2043 370 2126 ducem
389 2042 493 2124 haud
506 2043 648 2125 timidis
664 2044 864 2127 vadentem
888 2045 1050 2155 passibus
1070 2066 1217 2160 aequat.

199 2184 269 2285 Di,
292 2180 431 2293 quibus
447 2182 651 2292 imperium
674 2182 729 2266 est
745 2183 972 2281 animarum,
986 2184 1219 2299 umbraeque

131 2366 134 2371 ·
327 2321 487 2421 silentes,
568 2388 573 2400 .
915 2334 918 2338 ’

138 2467 191 2549 Et
202 2463 344 2570 Chaos,
359 2480 398 2546 et
407 2461 658 2575 Phlegethon,
669 2459 870 2549 locanoste
882 2464 1022 2550 filentia
1029 2468 1113 2572 late,
1127 2474 1182 2557 26
1189 2498 1214 2587 5

140 2609 196 2691 Sit
212 2605 311 2691 mihi
333 2606 389 2689 fas
411 2606 536 2689 audita
563 2606 693 2717 loqui:
726 2607 771 2688 fit
787 2610 946 2692 numine
963 2610 1085 2695 vestro

140 2749 308 2831 Pandere
324 2775 383 2829 res
403 2747 477 2830 alta
493 2739 589 2831 terra
607 2764 646 2831 et
669 2747 830 2858 caligine
857 2751 1004 2834 mersas.

141 2891 252 2973 Ibant
265 2887 411 2973 obscuri
425 2889 500 2971 sola
520 2890 589 2970 sub
611 2892 722 2971 noste
740 2919 807 3001 per
827 2892 1018 2990 umbram,

141 3034 290 3144 Perque
313 3033 449 3115 domos
464 3032 564 3114 Ditis
589 3060 737 3130 vacuas,
767 3051 805 3114 et
822 3033 945 3115 inania
962 3063 1089 3147 regna.-
1121 3048 1124 3053 ’

142 3175 268 3284 Qale
282 3202 348 3285 per
361 3175 543 3257 incertam
564 3173 697 3256 lunam
712 3174 779 3257 sub
797 3174 883 3267 luce
902 3179 1069 3290 maligna
1133 3205 1220 3295 270

143 3319 213 3400 Est
233 3319 302 3400 iter
314 3318 356 3399 in
377 3317 509 3426 sylvis:
540 3317 607 3400 ubi
621 3319 774 3402 coelum
788 3317 958 3401 condidit
971 3321 1108 3405 umbra

144 3461 307 3571 Jupiter,
334 3476 373 3542 et
397 3460 508 3543 rebus
527 3489 606 3543 nox
634 3461 786 3544 abstulit
805 3477 885 3543 atra
901 3461 1083 3547 colorem.

146 3599 390 3719 Vestibulum
407 3619 493 3684 ante
509 3600 633 3713 ipsum
650 3600 855 3715 primisque
871 3602 911 3684 in
930 3602 1101 3688 faucibus
1119 3601 1227 3705 Orci,

146 3741 292 3824 Luctus
309 3758 348 3823 et
360 3740 508 3824 ultrices
525 3742 680 3853 posuere
693 3743 833 3827 cubilia
844 3771 978 3827 curae:

147 3879 402 3992 Pallentesque
410 3880 580 3964 habitant
590 3882 729 3981 morbi,
747 3883 930 3995 tristisque
941 3885 1121 3984 senestus,
1137 3905 1195 3997 27
1202 3907 1225 3998 5

147 4021 200 4101 Et
216 4038 353 4120 metus,
369 4040 407 4104 et
423 4022 522 4104 male
536 4022 649 4104 suada
662 4022 796 4128 fames,
812 4041 850 4106 et
863 4025 981 4137 turpis
998 4022 1152 4136 egestas,

149 4162 357 4243 Terribiles
372 4161 451 4245 visu
462 4162 633 4261 formae3
666 4162 907 4274 lethumque,
920 4146 1132 4276 laborque:

151 4302 261 4387 Tum
282 4302 578 4417 consanguineus
598 4301 693 4387 lethi
716 4306 838 4419 sopor,
857 4322 896 4390 et
914 4304 1016 4389 mula
1034 4302 1173 4389 mentis

1071 4439 1238 4546 Gaudia,
