2872 5176
332 377 693 482 Aruernos,
727 385 1000 483 Lnnvfl,
1132 419 1198 520 75

122 592 228 677 Cum
249 607 299 688 te,
317 607 415 690 nate,
432 589 551 673 famer
568 590 694 699 ignota
705 580 753 671 ad
767 587 874 671 litora
890 594 1045 674 vectum

124 731 265 819 Accitis
281 749 391 842 coget
401 730 559 842 dapibus
578 730 797 817 consumere
811 730 980 830 mensae,
1111 760 1162 821 ra
1169 763 1196 852 ς

124 873 234 954 Turn
258 870 399 981 sperare
417 872 551 954 domos
573 870 742 971 defessus,
765 871 893 981 ibique
910 891 1106 957 memento

123 1008 250 1093 Prima
263 1009 385 1093 locare
398 1038 516 1093 manu
538 1009 739 1119 molirique
755 1036 889 1120 aggere
901 1014 1011 1096 tecta.

121 1149 231 1232 Haec
244 1169 322 1232 erat
336 1151 401 1239 illa
421 1151 564 1234 fames:
595 1150 689 1234 haec
707 1178 776 1232 nos
792 1151 966 1263 suprema
982 1152 1171 1255 manebat,

120 1291 254 1375 Exiliie
268 1293 429 1404 politura
450 1295 626 1379 modum.
662 1398 667 1407 .

119 1434 248 1541 Qare
262 1437 372 1548 agite,
391 1456 429 1518 et
450 1438 575 1548 primo
594 1437 680 1519 laeti
697 1463 790 1518 cum
810 1434 956 1520 lumine
976 1437 1072 1538 solit,
1107 1466 1192 1551 130

119 1574 228 1674 Quae
253 1574 348 1674 loca,
380 1577 492 1686 quive
523 1573 686 1657 habeant
715 1574 901 1678 homines,
944 1579 1011 1660 ubi
1043 1579 1195 1663 moenia

303 1717 436 1827 gentis,

118 1850 369 1966 vestigemus,
387 1874 425 1939 et
450 1885 473 1938 a
496 1874 608 1968 portu
635 1854 774 1939 diversa
787 1871 971 1967 petamus.

116 1992 237 2077 Nunc
245 2015 388 2108 pateras
403 1998 515 2080 libate
533 1999 633 2105 Jovi,
653 1995 897 2108 precibusque
911 2015 1041 2079 vocate

115 2136 309 2221 Anchisen
322 2139 543 2249 genitorem,
560 2158 598 2220 et
615 2139 702 2220 vina
720 2137 888 2247 reponite
902 2140 1049 2218 meniis.
1180 2181 1196 2219 .·

113 2276 175 2357 Sic
195 2276 332 2358 deinde
347 2277 479 2360 effatus
497 2277 684 2358 frondenti
701 2295 872 2385 tempora
889 2303 996 2356 ramo
1100 2304 1149 2388 13
1158 2303 1186 2390 5

114 2414 304 2526 Implicat,
316 2434 354 2498 et
370 2415 602 2526 geniumque
619 2414 705 2513 loci,
715 2415 953 2526 primamque
966 2415 1127 2499 deorum
1182 2488 1187 2497 .
1259 2390 1263 2397 ¹

112 2555 324 2661 Tellurem,
347 2555 619 2669 nymphasque,
637 2575 677 2639 et
691 2555 816 2638 adhuc
833 2557 959 2667 ignota
972 2577 1145 2669 precatur
1182 2632 1185 2637 ,

113 2696 315 2782 Flumina:
344 2718 428 2782 tum
445 2705 611 2805 noctem,
632 2699 823 2809 noctisque
836 2701 990 2782 orientia
1009 2702 1124 2814 fignn,
1181 2760 1185 2769 ·

114 2840 346 2951 Idaeumque
354 2843 504 2948 Jovem,
514 2841 794 2951 Phrygiamque
808 2868 856 2920 ex
869 2841 998 2922 ordine
1009 2862 1184 2944 matrem,
1298 2892 1302 2903 ·

114 2980 278 3079 Invocat,
306 3001 344 3061 et
361 2983 527 3092 duplices
544 2981 738 3089 Cocloque
755 2979 955 3088 Ereboque
973 3002 1153 3091 parentes,

111 3119 189 3201 Hic
204 3141 307 3232 pater
325 3126 562 3235 omnipotens
576 3142 632 3203 ter
644 3122 750 3202 coelo
763 3119 882 3202 clarus
894 3121 942 3203 ab
955 3122 1033 3206 alto
1100 3154 1177 3238 14¹

111 3259 290 3360 Intonuit,
306 3263 488 3373 radiisque
505 3264 697 3345 ardentem
716 3260 810 3341 lucie
823 3278 861 3341 et
874 3289 965 3343 auro

109 3403 191 3513 lpse
210 3430 328 3486 manu
348 3407 517 3514 quatiens
529 3403 688 3486 ostendit
698 3403 746 3485 ab
759 3400 907 3485 aethere
921 3403 1079 3489 nubem·

45 3562 61 3574 ·
110 3545 263 3626 Diditur
282 3543 346 3626 hic
361 3547 481 3628 subito
494 3548 661 3655 Trojana
672 3573 738 3656 per
756 3546 907 3653 agmina
919 3574 1061 3645 rumor,

109 3685 308 3767 Adveniffe
326 3686 443 3785 diem,
462 3714 541 3795 quo
562 3686 686 3767 debita
704 3686 853 3767 moenia
870 3688 1043 3770 condant.
1096 3715 1178 3802 145

106 3825 288 3908 Certatim
303 3827 504 3909 instaurant
518 3827 659 3939 epulas,
672 3844 785 3936 atque
795 3827 923 3910 omine
938 3857 1082 3940 magno
1180 3898 1185 3904 .

106 3963 275 4046 Crateras
292 3965 377 4050 laeti
395 3968 570 4067 statuunt,
593 3988 631 4050 et
648 3970 734 4049 vina
755 3987 947 4089 coronant.
1056 4034 1059 4039 -
1087 3998 1089 4003 ·

105 4107 256 4191 Postera
274 4137 366 4195 curn
383 4112 505 4225 prima
523 4111 699 4194 lustrabat
717 4111 891 4223 lampade
902 4130 1014 4198 terres

103 4250 198 4339 Orta
212 4252 315 4361 dies,
347 4255 494 4356 urbem,
511 4270 549 4338 et
559 4253 665 4355 lines,
678 4271 717 4338 et
734 4253 841 4339 litora
858 4258 977 4375 gentis

1034 4387 1181 4476 Diversi
