2872 5176
380 316 715 459 Asueroos.
779 363 894 459 L1a.
929 366 1013 459 Vl.
1151 399 1209 492 51

142 568 279 655 Fatalis
292 567 428 678 virgae,
444 568 559 676 longo
580 569 664 677 post
682 585 851 678 ternpore
870 568 1002 669 visum,
1124 600 1213 682 409
1254 580 1259 587 '

141 711 367 794 Coeruleam
380 710 537 791 advertit
552 710 727 820 puppim,
746 711 922 819 ripaeque
937 714 1174 822 propinquat.

142 852 236 933 Inde
256 851 345 931 alias
362 852 519 951 animas,
539 879 634 958 quae
653 851 817 959 perjuga
836 850 948 959 longa
966 852 1154 957 sedebant,

143 992 345 1088 Deturbat,
362 990 536 1101 laxatque
555 989 680 1072 soros:
700 989 812 1070 srmul
832 991 968 1100 accipit
979 991 1084 1075 alveo

142 1135 340 1244 Ingentem
362 1136 545 1216 Aeneam.
567 1105 712 1244 gemuit
734 1132 802 1213 sub
823 1132 987 1244 pondere
1001 1135 1153 1244 cymba·

143 1274 282 1370 Sutilis,
301 1291 342 1355 et'
352 1273 513 1356 multam
529 1275 672 1384 accepit
689 1273 826 1354 rimosa
845 1272 1036 1385 paludem.

45 1412 51 1421 ’
144 1415 324 1511 Tandem
355 1431 454 1510 trans
488 1416 652 1497 fluvium
683 1414 891 1497 incolumes
927 1435 1126 1526 vatemque
1162 1416 1220 1497 vi-

328 1578 491 1663 rumque
1113 1586 1221 1668 μς

146 1694 308 1778 Informi
326 1695 420 1779 limo
438 1697 643 1808 glaucaque
663 1695 817 1807 exponit
834 1696 873 1777 in
890 1696 988 1780 ulva.

147 1841 440 1924 Cerberushaec
459 1843 588 1952 ingens
614 1842 745 1922 latratu
767 1869 880 1950 regna
893 1839 1040 1923 trifauci
1063 1864 1066 1871 ·
1154 1910 1157 1917 .

146 1981 333 2085 Personat,
364 1984 515 2065 adverso
533 1982 712 2064 recubans
725 1982 901 2063 immanis
915 1981 955 2061 in
972 1999 1090 2065 antro.

148 2121 224 2203 Cui
237 2140 348 2219 vates,
365 2121 515 2201 horrere
536 2122 665 2200 videns
677 2122 760 2227 jam
775 2120 873 2200 colla
891 2120 1068 2215 colubris,

129 2261 272 2358 ‚Melle
287 2261 496 2369 soporatam
518 2277 556 2339 et
575 2260 767 2339 medicatis
785 2259 957 2366 frugibus
979 2256 1099 2338 offam
1136 2284 1225 2365 420

149 2402 303 2511 Objicit.
332 2402 409 2502 ille,
430 2401 532 2484 fame
551 2402 679 2484 rabida
692 2403 760 2482 tria
779 2419 929 2510 guttura
941 2401 1119 2511 pandens,

150 2534 316 2653 Corripit
334 2543 536 2651 objestam,
551 2560 664 2651 atque
682 2543 863 2623 unmania
874 2561 975 2652 terga
993 2541 1139 2624 resolvit
1199 2540 1203 2545 ’

149 2680 268 2762 Fusus
287 2681 411 2781 humi,
433 2703 587 2793 totoque
606 2684 734 2793 ingens
752 2683 964 2763 extenditur
989 2701 1107 2764 antro.

152 2822 324 2932 Occupat
336 2826 482 2905 Aeneas
497 2823 654 2918 aditum,
670 2821 822 2903 custode
841 2821 998 2930 sepulto,

156 2960 365 3069 Evaditque
384 2961 480 3041 celer
498 2963 620 3071 ripam
638 2959 879 3040 irremeabilis
902 2958 1036 3044 undae.
1141 2990 1195 3071 42
1204 2990 1227 3076 5

154 3101 346 3182 Continuo
366 3101 514 3183 auditae
534 3128 655 3199 voces,
680 3101 822 3209 vagitus
845 3119 882 3179 et
899 3099 1045 3209 ingens,

154 3240 425 3352 Infantumque
442 3243 589 3324 animae
609 3242 736 3324 flentes
751 3242 790 3321 in
808 3240 939 3323 limine
957 3241 1113 3351 primo:

154 3382 275 3486 Qos,
295 3384 415 3465 dulcis
429 3384 524 3466 vitae
550 3384 708 3465 exsortes
725 3402 762 3463 et
779 3381 826 3463 ab
846 3383 960 3465 ubere
976 3405 1112 3495 raptos,

134 3519 323 3605 'Abstulit
336 3542 414 3606 atra
431 3524 522 3622 dies,
546 3543 585 3605 et
599 3522 871 3606 sunere'mersrt
885 3526 1031 3609 accrb0.

156 3662 241 3745 Hos
253 3665 374 3774 juxta,
393 3662 484 3746 falso
502 3665 670 3747 damnati
687 3664 844 3746 crimine
858 3667 1000 3749 mortis.
1058 3679 1062 3685 ’
1143 3693 1232 3775 430

156 3806 243 3887 Nec
261 3835 349 3888 vero
370 3806 440 3888 hae
457 3809 533 3889 fine
550 3809 643 3890 sorte
662 3810 782 3927 datae,
800 3808 876 3889 sane
894 3811 1034 3916 judice,
1058 3807 1172 3889 sedes.

157 3948 355 4047 Quaesitor
373 3949 506 4031 Minos
525 3980 659 4032 urnam
677 3967 824 4033 movet:
844 3948 907 4030 ille
926 3950 1101 4031 filentum

156 4087 449 4201 Conciliumque
460 4110 580 4189 vocat,
599 4091 762 4201 vitasque
780 4109 817 4172 et
829 4090 988 4174 crimina
1008 4092 1124 4173 discit.

159 4227 338 4314 Proxima
350 4230 484 4315 deinde
505 4249 633 4316 tenent
650 4230 784 4312 moesti
802 4231 898 4338 loca,
919 4232 987 4341 qui
1005 4232 1072 4314 sabi
1090 4228 1238 4309 lethum

222 4380 225 4385 ’
669 4371 704 4451 E
739 4398 763 4457 2
1075 4366 1240 4448 insontes
