2872 5176
340 348 658 447 Annaroos
696 336 807 435 er.
850 334 933 433 XI.
1048 367 1144 477 207

146 554 230 635 Hos
242 550 335 643 intor
352 560 493 641 motus,
523 539 651 625 medio
663 538 704 625 in
715 536 1085 646 flagrmtenunulm,

83 696 196 789 Eece,
226 689 332 798 super
347 681 479 765 moesti
493 705 630 787 magna
642 676 840 775 Diomedis
851 681 900 760 ab
917 683 1009 766 urbe
1048 688 1147 789 (226

83 833 215 945 lagati
242 824 567 942 responsafntunt:
598 817 696 907 nihil
711 818 1030 909 omnibusattum

84 977 298 1056 Tantorum
326 963 502 1075 impensts
519 987 699 1071 opetum3
730 956 784 1042 nil
800 959 911 1059 dona,
940 992 1145 1078 nequean-

269 1135 370 1202 rum,

85 1254 171 1334 Nec
183 1277 342 1360 magnas.
355 1241 504 1329 valuiffe
522 1268 671 1353 preces:
701 1238 774 1324 alia
792 1271 898 1325 arma
913 1246 1058 1332 latinis

85 1388 320 1500 Qaerenda,
342 1400 406 1469 aut
425 1409 560 1490 pacem
578 1381 745 1489 Trojano
763 1383 811 1462 ab
829 1410 915 1493 rege
932 1391 1144 1497 petendm

86 1529 227 1623 Deficit
243 1524 384 1633 ingenti
394 1520 500 1603 lodtu
517 1546 584 1601 rex
600 1518 676 1627 ipse
692 1518 862 1602 Latinus.
1057 1559 1141 1644 23¹

86 1669 257 1757 Fatalem
269 1670 423 1753 aenan
438 1657 635 1746 manifesto
645 1659 801 1745 nurnine
812 1661 912 1762 ferri,
1092 1740 1095 1745 .

88 1809 283 1900 Admonet
300 1806 353 1889 ira
364 1803 493 1903 deum,
525 1797 738 1908 tumulique
756 1817 841 1881 ante
859 1830 924 1885 ora
939 1825 1115 1897 recenmo.

149 1950 253 2059 Ergo
270 1943 475 2028 concilium
492 1968 690 2051 magnum,
718 1940 933 2054 primosquo
949 1946 1102 2033 suorum

88 2090 253 2200 Imperio
271 2087 421 2185 accitos,
453 2083 631 2184 almintra
647 2080 778 2163 limina
794 2086 906 2192 cogit
1060 2118 1112 2207 23
1121 2121 1147 2204 5
1189 2122 1192 2127 ·

88 2231 169 2312 Olli
182 2254 400 2339 convenoro,
429 2222 626 2333 fluuntque
644 2220 692 2302 ad
710 2220 812 2328 regia
826 2223 952 2331 plenis.

89 2372 212 2452 Tecta
231 2368 311 2455 viis.
341 2362 441 2451 sedet
459 2363 499 2445 in
516 2360 662 2459 mediis,
692 2377 730 2440 et
749 2359 938 2444 maximus
955 2393 1059 2468 aevo,

89 2512 141 2625 Et
154 2509 297 2621 primus
314 2503 475 2614 sceptris,
507 2499 614 2586 haud
624 2501 717 2585 laeta
733 2498 868 2604 fronte,
899 2506 1067 2596 Latinus.

92 2656 221 2763 Atque
234 2649 298 2735 hic
314 2647 452 2756 legatos
466 2643 602 2727 Aetola
619 2671 668 2725 ex
685 2643 777 2724 urbe
793 2645 970 2750 remiffon

92 2796 202 2892 Quae
218 2789 389 2892 reserant,
421 2784 489 2873 fari
502 2782 623 2891 jubet,
653 2801 691 2863 et
707 2782 874 2894 responsa
891 2790 1048 2896 reposcit
1063 2819 1148 2901 240

91 2931 235 3013 Ordine
250 2930 385 3009 cundia
399 2924 476 3010 suo.
507 2942 592 3036 tum
609 2920 856 3005 factafilentia
872 2922 1032 3035 iingtris3

90 3074 143 3153 Et
156 3068 338 3163 Venulus,
369 3063 470 3147 dido
484 3088 628 3173 parens,
656 3061 707 3142 ita
720 3058 829 3143 farier
843 3061 951 3151 infit:

92 3213 282 3308 Vidimus,
312 3207 462 3306 ocives,
480 3203 713 3293 Diomedem
729 3204 945 3314 Argivaque
960 3206 1077 3290 casta
1084 3247 1101 3309 ⁵
1278 3234 1281 3238 ,

93 3358 221 3466 Atque
233 3354 302 3450 iter
321 3350 459 3435 emenfi
472 3349 574 3432 casus
586 3347 838 3460 superavimus
855 3376 1000 3455 omnes,
1065 3378 1154 3462 244

94 3491 402 3604 Contigimusque
419 3518 593 3588 manum,
623 3516 699 3597 qua
711 3487 875 3569 concidit
886 3487 957 3572 Ilia
970 3488 1095 3576 tellus.

95 3633 164 3714 Ille
186 3635 320 3716 urbem
333 3629 573 3740 Argyripam,
605 3628 741 3738 patriae
754 3630 980 3739 cognomine
991 3629 1124 3742 gentis,

95 3773 228 3853 Victor
244 3771 408 3880 Gargani
427 3767 610 3850 condebat
626 3769 774 3878 Iapygis
784 3771 893 3878 agris.

96 3910 302 4019 Postquam
319 3908 537 4018 introgreffi,
568 3923 607 3989 et
624 3934 753 3988 coram
765 3906 852 3988 data
865 3905 1112 4019 copiafandi3

98 4053 264 4133 Munera
280 4051 534 4161 praeferimus,
553 4076 693 4130 nornen
708 4048 941 4160 patriamque
958 4050 1159 4133 donemus:

98 4193 178 4300 Qui
192 4191 338 4277 bellum
349 4190 562 4292 intulerint,'
584 4219 680 4303 quae
700 4190 808 4282 causa
824 4191 1010 4278 attraxerit
1019 4192 1159 4302 Arpos

407 4346 410 4351 ’
595 4382 611 4395 .
1076 4330 1161 4413 Au.
