<?xml version="1.0" encoding="UTF-8"?>
<!DOCTYPE html PUBLIC "-//W3C//DTD XHTML 1.0 Transitional//EN"
    "http://www.w3.org/TR/xhtml1/DTD/xhtml1-transitional.dtd">
<html xmlns="http://www.w3.org/1999/xhtml" xml:lang="en" lang="en">
 <head>
  <title>
</title>
<meta http-equiv="Content-Type" content="text/html;charset=utf-8" />
  <meta name='ocr-system' content='tesseract 3.04.00' />
  <meta name='ocr-capabilities' content='ocr_page ocr_carea ocr_par ocr_line ocrx_word'/>
</head>
<body>
  <div class='ocr_page' id='page_1' title='image "./publiivirgiliim00schegoog_0061.png"; bbox 0 0 2872 5176; ppageno 0'>
   <div class='ocr_carea' id='block_1_1' title="bbox 215 316 1085 442">
    <p class='ocr_par' dir='ltr' id='par_1_1' title="bbox 215 316 1085 442">
     <span class='ocr_line' id='line_1_1' title="bbox 215 316 1085 442; baseline 0 -31"><span class='ocrx_word' id='word_1_1' title='bbox 215 326 287 442; x_wconf 75' lang='lat'>40</span> <span class='ocrx_word' id='word_1_2' title='bbox 400 320 452 420; x_wconf 88' lang='lat' dir='ltr'>P.</span> <span class='ocrx_word' id='word_1_3' title='bbox 486 318 763 412; x_wconf 79' lang='lat' dir='ltr'>Vracrnrr</span> <span class='ocrx_word' id='word_1_4' title='bbox 801 316 1085 418; x_wconf 76' lang='lat' dir='ltr'>Maronis</span> 
     </span>
    </p>
   </div>
   <div class='ocr_carea' id='block_1_2' title="bbox 66 516 1398 2472">
    <p class='ocr_par' dir='ltr' id='par_1_2' title="bbox 66 516 1303 744">
     <span class='ocr_line' id='line_1_2' title="bbox 66 516 1303 627; baseline -0.002 -22"><span class='ocrx_word' id='word_1_5' title='bbox 66 584 70 593; x_wconf 85' lang='grc'><strong>-</strong></span> <span class='ocrx_word' id='word_1_6' title='bbox 219 521 329 623; x_wconf 87' lang='lat' dir='ltr'><strong>Quid</strong></span> <span class='ocrx_word' id='word_1_7' title='bbox 350 544 564 604; x_wconf 78' lang='lat' dir='ltr'>memorem</span> <span class='ocrx_word' id='word_1_8' title='bbox 589 518 788 603; x_wconf 80' lang='lat' dir='ltr'>Alciden?</span> <span class='ocrx_word' id='word_1_9' title='bbox 833 534 871 599; x_wconf 92' lang='lat' dir='ltr'>et</span> <span class='ocrx_word' id='word_1_10' title='bbox 902 517 959 600; x_wconf 88' lang='lat' dir='ltr'>mi</span> <span class='ocrx_word' id='word_1_11' title='bbox 986 516 1187 627; x_wconf 64' lang='lat' dir='ltr'>genus&#39;ab‘</span> <span class='ocrx_word' id='word_1_12' title='bbox 1205 518 1303 627; x_wconf 83' lang='lat' dir='ltr'>Jove</span> 
     </span>
     <span class='ocr_line' id='line_1_3' title="bbox 404 661 569 744; baseline -0.006 -1"><span class='ocrx_word' id='word_1_13' title='bbox 404 661 569 744; x_wconf 86' lang='lat' dir='ltr'>summo.</span> 
     </span>
    </p>

    <p class='ocr_par' dir='ltr' id='par_1_3' title="bbox 220 800 1024 912">
     <span class='ocr_line' id='line_1_4' title="bbox 220 800 1024 912; baseline -0.005 -24"><span class='ocrx_word' id='word_1_14' title='bbox 220 802 383 888; x_wconf 79' lang='lat' dir='ltr'>Talibus</span> <span class='ocrx_word' id='word_1_15' title='bbox 401 803 529 885; x_wconf 72' lang='lat' dir='ltr'>orabat</span> <span class='ocrx_word' id='word_1_16' title='bbox 545 802 666 902; x_wconf 78' lang='lat' dir='ltr'>dietis,</span> <span class='ocrx_word' id='word_1_17' title='bbox 694 800 847 912; x_wconf 88' lang='lat' dir='ltr'>arasque</span> <span class='ocrx_word' id='word_1_18' title='bbox 864 800 1024 884; x_wconf 86' lang='lat' dir='ltr'>tenebat.</span> 
     </span>
    </p>

    <p class='ocr_par' dir='ltr' id='par_1_4' title="bbox 220 941 1298 1056">
     <span class='ocr_line' id='line_1_5' title="bbox 220 941 1298 1056; baseline -0.003 -25"><span class='ocrx_word' id='word_1_19' title='bbox 220 949 337 1031; x_wconf 88' lang='lat' dir='ltr'>Tunc</span> <span class='ocrx_word' id='word_1_20' title='bbox 348 945 397 1028; x_wconf 87' lang='lat' dir='ltr'>fic</span> <span class='ocrx_word' id='word_1_21' title='bbox 415 944 494 1025; x_wconf 88' lang='lat' dir='ltr'>orsa</span> <span class='ocrx_word' id='word_1_22' title='bbox 506 944 613 1054; x_wconf 90' lang='lat' dir='ltr'>loqui</span> <span class='ocrx_word' id='word_1_23' title='bbox 626 961 746 1026; x_wconf 86' lang='lat' dir='ltr'>vates:</span> <span class='ocrx_word' id='word_1_24' title='bbox 777 941 851 1023; x_wconf 89' lang='lat' dir='ltr'>sate</span> <span class='ocrx_word' id='word_1_25' title='bbox 865 941 1042 1052; x_wconf 84' lang='lat' dir='ltr'>sanguine</span> <span class='ocrx_word' id='word_1_26' title='bbox 1054 941 1200 1044; x_wconf 89' lang='lat' dir='ltr'>divum,</span> <span class='ocrx_word' id='word_1_27' title='bbox 1218 967 1263 1028; x_wconf 89' lang='lat'>12</span> <span class='ocrx_word' id='word_1_28' title='bbox 1273 972 1298 1056; x_wconf 84' lang='grc' dir='ltr'><em>ς</em></span> 
     </span>
    </p>

    <p class='ocr_par' dir='ltr' id='par_1_5' title="bbox 222 1081 1098 1185">
     <span class='ocr_line' id='line_1_6' title="bbox 222 1081 1098 1185; baseline -0.003 -15"><span class='ocrx_word' id='word_1_29' title='bbox 222 1087 325 1170; x_wconf 86' lang='lat' dir='ltr'><strong>Tros</strong></span> <span class='ocrx_word' id='word_1_30' title='bbox 340 1083 578 1185; x_wconf 85' lang='lat' dir='ltr'>Anchisiade,</span> <span class='ocrx_word' id='word_1_31' title='bbox 595 1084 713 1166; x_wconf 83' lang='lat' dir='ltr'>facilis</span> <span class='ocrx_word' id='word_1_32' title='bbox 725 1081 918 1165; x_wconf 83' lang='lat' dir='ltr'>descensus</span> <span class='ocrx_word' id='word_1_33' title='bbox 929 1082 1098 1167; x_wconf 83' lang='lat' dir='ltr'>Averni:</span> 
     </span>
    </p>

    <p class='ocr_par' dir='ltr' id='par_1_6' title="bbox 223 1222 1073 1336">
     <span class='ocr_line' id='line_1_7' title="bbox 223 1222 1073 1336; baseline -0.006 -26"><span class='ocrx_word' id='word_1_34' title='bbox 223 1228 370 1310; x_wconf 78' lang='lat' dir='ltr'>Noues</span> <span class='ocrx_word' id='word_1_35' title='bbox 387 1247 500 1336; x_wconf 91' lang='lat' dir='ltr'>atque</span> <span class='ocrx_word' id='word_1_36' title='bbox 516 1227 596 1308; x_wconf 90' lang='lat' dir='ltr'>dies</span> <span class='ocrx_word' id='word_1_37' title='bbox 609 1243 710 1336; x_wconf 83' lang='lat' dir='ltr'>patet</span> <span class='ocrx_word' id='word_1_38' title='bbox 727 1224 796 1305; x_wconf 90' lang='lat' dir='ltr'>atri</span> <span class='ocrx_word' id='word_1_39' title='bbox 814 1225 930 1333; x_wconf 84' lang='lat' dir='ltr'>janua</span> <span class='ocrx_word' id='word_1_40' title='bbox 949 1222 1073 1305; x_wconf 84' lang='lat' dir='ltr'>Ditis:</span> 
     </span>
    </p>

    <p class='ocr_par' dir='ltr' id='par_1_7' title="bbox 226 1361 1273 1477">
     <span class='ocr_line' id='line_1_8' title="bbox 226 1361 1273 1477; baseline -0.003 -28"><span class='ocrx_word' id='word_1_41' title='bbox 226 1367 301 1449; x_wconf 85' lang='lat' dir='ltr'>sed</span> <span class='ocrx_word' id='word_1_42' title='bbox 313 1394 483 1466; x_wconf 83' lang='lat' dir='ltr'>revocare</span> <span class='ocrx_word' id='word_1_43' title='bbox 501 1367 672 1475; x_wconf 87' lang='lat' dir='ltr'>gradum,</span> <span class='ocrx_word' id='word_1_44' title='bbox 691 1365 911 1477; x_wconf 82' lang='lat' dir='ltr'>superasque</span> <span class='ocrx_word' id='word_1_45' title='bbox 927 1361 1080 1445; x_wconf 87' lang='lat' dir='ltr'>evadere</span> <span class='ocrx_word' id='word_1_46' title='bbox 1097 1362 1145 1445; x_wconf 84' lang='lat' dir='ltr'>ad</span> <span class='ocrx_word' id='word_1_47' title='bbox 1156 1391 1273 1465; x_wconf 88' lang='lat' dir='ltr'>auras,</span> 
     </span>
    </p>

    <p class='ocr_par' dir='ltr' id='par_1_8' title="bbox 161 1505 1308 1620">
     <span class='ocr_line' id='line_1_9' title="bbox 161 1505 1308 1620; baseline -0.005 -30"><span class='ocrx_word' id='word_1_48' title='bbox 161 1562 163 1565; x_wconf 74' lang='lat'><em>.</em></span> <span class='ocrx_word' id='word_1_49' title='bbox 226 1507 320 1590; x_wconf 90' lang='lat' dir='ltr'>Hoc</span> <span class='ocrx_word' id='word_1_50' title='bbox 333 1532 440 1620; x_wconf 88' lang='lat' dir='ltr'>opus,</span> <span class='ocrx_word' id='word_1_51' title='bbox 459 1506 524 1588; x_wconf 90' lang='lat' dir='ltr'>hic</span> <span class='ocrx_word' id='word_1_52' title='bbox 540 1505 645 1590; x_wconf 89' lang='lat' dir='ltr'>labor</span> <span class='ocrx_word' id='word_1_53' title='bbox 662 1507 728 1589; x_wconf 89' lang='lat' dir='ltr'>est.</span> <span class='ocrx_word' id='word_1_54' title='bbox 761 1506 884 1617; x_wconf 88' lang='lat' dir='ltr'>pauci,</span> <span class='ocrx_word' id='word_1_55' title='bbox 903 1535 998 1616; x_wconf 90' lang='lat' dir='ltr'>quos</span> <span class='ocrx_word' id='word_1_56' title='bbox 1012 1533 1153 1618; x_wconf 87' lang='lat' dir='ltr'>aequus</span> <span class='ocrx_word' id='word_1_57' title='bbox 1168 1506 1308 1588; x_wconf 88' lang='lat' dir='ltr'>amavit</span> 
     </span>
    </p>

    <p class='ocr_par' dir='ltr' id='par_1_9' title="bbox 229 1647 1398 1761">
     <span class='ocr_line' id='line_1_10' title="bbox 229 1647 1398 1761; baseline -0.003 -26"><span class='ocrx_word' id='word_1_58' title='bbox 229 1648 391 1761; x_wconf 83' lang='lat' dir='ltr'>Jupiter,</span> <span class='ocrx_word' id='word_1_59' title='bbox 406 1666 469 1731; x_wconf 90' lang='lat' dir='ltr'>aut</span> <span class='ocrx_word' id='word_1_60' title='bbox 486 1648 616 1733; x_wconf 90' lang='lat' dir='ltr'>ardens</span> <span class='ocrx_word' id='word_1_61' title='bbox 627 1649 750 1730; x_wconf 86' lang='lat' dir='ltr'>evexit</span> <span class='ocrx_word' id='word_1_62' title='bbox 767 1650 815 1731; x_wconf 86' lang='lat' dir='ltr'>ad</span> <span class='ocrx_word' id='word_1_63' title='bbox 834 1647 983 1732; x_wconf 85' lang='lat' dir='ltr'>aethera</span> <span class='ocrx_word' id='word_1_64' title='bbox 993 1649 1122 1749; x_wconf 86' lang='lat' dir='ltr'>virtus,</span> <span class='ocrx_word' id='word_1_65' title='bbox 1221 1672 1303 1760; x_wconf 83' lang='lat'>130</span> <span class='ocrx_word' id='word_1_66' title='bbox 1396 1735 1398 1740; x_wconf 76' lang='grc'>,</span> 
     </span>
    </p>

    <p class='ocr_par' dir='ltr' id='par_1_10' title="bbox 228 1786 1215 1900">
     <span class='ocr_line' id='line_1_11' title="bbox 228 1786 1215 1900; baseline 0.001 -31"><span class='ocrx_word' id='word_1_67' title='bbox 228 1786 302 1869; x_wconf 89' lang='lat' dir='ltr'>Dis</span> <span class='ocrx_word' id='word_1_68' title='bbox 314 1788 443 1898; x_wconf 82' lang='lat' dir='ltr'>geniti,</span> <span class='ocrx_word' id='word_1_69' title='bbox 455 1805 622 1900; x_wconf 87' lang='lat' dir='ltr'>potuere.</span> <span class='ocrx_word' id='word_1_70' title='bbox 651 1804 780 1871; x_wconf 92' lang='lat' dir='ltr'>tenent</span> <span class='ocrx_word' id='word_1_71' title='bbox 793 1788 920 1871; x_wconf 88' lang='lat' dir='ltr'>media</span> <span class='ocrx_word' id='word_1_72' title='bbox 934 1789 1063 1870; x_wconf 90' lang='lat' dir='ltr'>omnia</span> <span class='ocrx_word' id='word_1_73' title='bbox 1080 1789 1215 1899; x_wconf 83' lang='lat' dir='ltr'>sylvae,</span> 
     </span>
    </p>

    <p class='ocr_par' dir='ltr' id='par_1_11' title="bbox 230 1927 1093 2040">
     <span class='ocr_line' id='line_1_12' title="bbox 230 1927 1093 2040; baseline -0.001 -25"><span class='ocrx_word' id='word_1_74' title='bbox 230 1927 473 2040; x_wconf 83' lang='lat' dir='ltr'>Cocytusque</span> <span class='ocrx_word' id='word_1_75' title='bbox 493 1931 574 2012; x_wconf 85' lang='lat' dir='ltr'>sinu</span> <span class='ocrx_word' id='word_1_76' title='bbox 595 1929 724 2011; x_wconf 86' lang='lat' dir='ltr'>labens</span> <span class='ocrx_word' id='word_1_77' title='bbox 750 1929 982 2012; x_wconf 88' lang='lat' dir='ltr'>circumfluit</span> <span class='ocrx_word' id='word_1_78' title='bbox 1000 1947 1093 2014; x_wconf 78' lang='lat' dir='ltr'>atro</span> 
     </span>
    </p>

    <p class='ocr_par' dir='ltr' id='par_1_12' title="bbox 228 2070 1266 2185">
     <span class='ocr_line' id='line_1_13' title="bbox 228 2070 1266 2185; baseline 0 -34"><span class='ocrx_word' id='word_1_79' title='bbox 228 2070 350 2170; x_wconf 91' lang='lat' dir='ltr'>Quod</span> <span class='ocrx_word' id='word_1_80' title='bbox 374 2072 403 2153; x_wconf 84' lang='lat' dir='ltr'>fi</span> <span class='ocrx_word' id='word_1_81' title='bbox 422 2089 544 2155; x_wconf 89' lang='lat' dir='ltr'>tantus</span> <span class='ocrx_word' id='word_1_82' title='bbox 568 2099 676 2154; x_wconf 84' lang='lat' dir='ltr'>amor</span> <span class='ocrx_word' id='word_1_83' title='bbox 694 2072 826 2171; x_wconf 89' lang='lat' dir='ltr'>menti,</span> <span class='ocrx_word' id='word_1_84' title='bbox 854 2073 883 2154; x_wconf 86' lang='lat' dir='ltr'>fi</span> <span class='ocrx_word' id='word_1_85' title='bbox 911 2089 1013 2155; x_wconf 88' lang='lat' dir='ltr'>tanta</span> <span class='ocrx_word' id='word_1_86' title='bbox 1038 2073 1177 2185; x_wconf 90' lang='lat' dir='ltr'>cupido</span> <span class='ocrx_word' id='word_1_87' title='bbox 1198 2070 1266 2170; x_wconf 87' lang='lat' dir='ltr'>est,</span> 
     </span>
    </p>

    <p class='ocr_par' dir='ltr' id='par_1_13' title="bbox 232 2210 1106 2325">
     <span class='ocr_line' id='line_1_14' title="bbox 232 2210 1106 2325; baseline 0.001 -29"><span class='ocrx_word' id='word_1_88' title='bbox 232 2211 298 2296; x_wconf 90' lang='lat' dir='ltr'>Bis</span> <span class='ocrx_word' id='word_1_89' title='bbox 323 2210 469 2324; x_wconf 86' lang='lat' dir='ltr'>Stygios</span> <span class='ocrx_word' id='word_1_90' title='bbox 486 2213 615 2298; x_wconf 79' lang='lat' dir='ltr'>imure</span> <span class='ocrx_word' id='word_1_91' title='bbox 642 2213 758 2312; x_wconf 87' lang='lat' dir='ltr'>lacus,</span> <span class='ocrx_word' id='word_1_92' title='bbox 779 2215 837 2297; x_wconf 90' lang='lat' dir='ltr'>bis</span> <span class='ocrx_word' id='word_1_93' title='bbox 858 2214 965 2325; x_wconf 84' lang='lat' dir='ltr'>nigra</span> <span class='ocrx_word' id='word_1_94' title='bbox 980 2216 1106 2297; x_wconf 89' lang='lat' dir='ltr'>videre</span> 
     </span>
    </p>

    <p class='ocr_par' dir='ltr' id='par_1_14' title="bbox 227 2354 1308 2472">
     <span class='ocr_line' id='line_1_15' title="bbox 227 2354 1308 2472; baseline 0.005 -33"><span class='ocrx_word' id='word_1_95' title='bbox 227 2354 415 2460; x_wconf 62' lang='lat' dir='ltr'>fl&#39;artam</span> <span class='ocrx_word' id='word_1_96' title='bbox 442 2373 482 2440; x_wconf 90' lang='lat' dir='ltr'>et</span> <span class='ocrx_word' id='word_1_97' title='bbox 501 2359 629 2440; x_wconf 87' lang='lat' dir='ltr'>insano</span> <span class='ocrx_word' id='word_1_98' title='bbox 642 2358 749 2467; x_wconf 87' lang='lat' dir='ltr'>juvat</span> <span class='ocrx_word' id='word_1_99' title='bbox 765 2357 961 2468; x_wconf 86' lang='lat' dir='ltr'>indulgere</span> <span class='ocrx_word' id='word_1_100' title='bbox 978 2358 1095 2441; x_wconf 88' lang='lat' dir='ltr'>labori</span> <span class='ocrx_word' id='word_1_101' title='bbox 1111 2399 1124 2459; x_wconf 62' lang='grc' dir='ltr'><strong>ς</strong></span> <span class='ocrx_word' id='word_1_102' title='bbox 1224 2388 1273 2471; x_wconf 85' lang='lat'>¹3</span> <span class='ocrx_word' id='word_1_103' title='bbox 1283 2384 1308 2472; x_wconf 81' lang='grc' dir='ltr'><em>ς</em></span> 
     </span>
    </p>
   </div>
   <div class='ocr_carea' id='block_1_3' title="bbox 231 2496 1265 2738">
    <p class='ocr_par' dir='ltr' id='par_1_15' title="bbox 231 2496 1265 2738">
     <span class='ocr_line' id='line_1_16' title="bbox 231 2496 1265 2612; baseline 0.003 -32"><span class='ocrx_word' id='word_1_104' title='bbox 231 2496 380 2609; x_wconf 83' lang='lat' dir='ltr'>Accipe</span> <span class='ocrx_word' id='word_1_105' title='bbox 399 2525 497 2609; x_wconf 89' lang='lat' dir='ltr'>quae</span> <span class='ocrx_word' id='word_1_106' title='bbox 518 2501 726 2610; x_wconf 87' lang='lat' dir='ltr'>peragenda</span> <span class='ocrx_word' id='word_1_107' title='bbox 745 2502 858 2610; x_wconf 89' lang='lat' dir='ltr'>prius.</span> <span class='ocrx_word' id='word_1_108' title='bbox 889 2499 979 2581; x_wconf 88' lang='lat' dir='ltr'>latet</span> <span class='ocrx_word' id='word_1_109' title='bbox 998 2502 1129 2583; x_wconf 89' lang='lat' dir='ltr'>arbore</span> <span class='ocrx_word' id='word_1_110' title='bbox 1147 2526 1265 2612; x_wconf 80' lang='lat' dir='ltr'>opaca</span> 
     </span>
     <span class='ocr_line' id='line_1_17' title="bbox 233 2635 1042 2738; baseline 0.001 -17"><span class='ocrx_word' id='word_1_111' title='bbox 233 2635 387 2721; x_wconf 89' lang='lat' dir='ltr'>Aureus</span> <span class='ocrx_word' id='word_1_112' title='bbox 404 2655 442 2718; x_wconf 91' lang='lat' dir='ltr'>et</span> <span class='ocrx_word' id='word_1_113' title='bbox 458 2637 558 2720; x_wconf 91' lang='lat' dir='ltr'>foliis</span> <span class='ocrx_word' id='word_1_114' title='bbox 576 2658 614 2719; x_wconf 92' lang='lat' dir='ltr'>et</span> <span class='ocrx_word' id='word_1_115' title='bbox 627 2639 729 2721; x_wconf 86' lang='lat' dir='ltr'>lento</span> <span class='ocrx_word' id='word_1_116' title='bbox 746 2640 888 2722; x_wconf 91' lang='lat' dir='ltr'>vimine</span> <span class='ocrx_word' id='word_1_117' title='bbox 904 2667 1042 2738; x_wconf 86' lang='lat' dir='ltr'>ramus,</span> 
     </span>
    </p>
   </div>
   <div class='ocr_carea' id='block_1_4' title="bbox 233 2778 1250 3022">
    <p class='ocr_par' dir='ltr' id='par_1_16' title="bbox 233 2778 1250 3022">
     <span class='ocr_line' id='line_1_18' title="bbox 234 2778 1212 2893; baseline 0.002 -32"><span class='ocrx_word' id='word_1_118' title='bbox 234 2778 380 2890; x_wconf 90' lang='lat' dir='ltr'>Junoni</span> <span class='ocrx_word' id='word_1_119' title='bbox 397 2778 561 2861; x_wconf 89' lang='lat' dir='ltr'>infernae</span> <span class='ocrx_word' id='word_1_120' title='bbox 575 2781 697 2862; x_wconf 79' lang='lat' dir='ltr'>distus</span> <span class='ocrx_word' id='word_1_121' title='bbox 719 2782 827 2866; x_wconf 84' lang='lat' dir='ltr'>sacer.</span> <span class='ocrx_word' id='word_1_122' title='bbox 859 2780 963 2863; x_wconf 92' lang='lat' dir='ltr'>hunc</span> <span class='ocrx_word' id='word_1_123' title='bbox 980 2781 1212 2893; x_wconf 84' lang='lat' dir='ltr'>tegitomnis</span> 
     </span>
     <span class='ocr_line' id='line_1_19' title="bbox 233 2919 1250 3022; baseline 0.003 -18"><span class='ocrx_word' id='word_1_124' title='bbox 233 2919 376 3022; x_wconf 88' lang='lat' dir='ltr'>Lucus,</span> <span class='ocrx_word' id='word_1_125' title='bbox 398 2941 437 3005; x_wconf 89' lang='lat' dir='ltr'>et</span> <span class='ocrx_word' id='word_1_126' title='bbox 452 2922 615 3005; x_wconf 85' lang='lat' dir='ltr'>obscuris</span> <span class='ocrx_word' id='word_1_127' title='bbox 631 2923 810 3007; x_wconf 85' lang='lat' dir='ltr'>claudunt</span> <span class='ocrx_word' id='word_1_128' title='bbox 827 2923 1058 3007; x_wconf 89' lang='lat' dir='ltr'>convallibus</span> <span class='ocrx_word' id='word_1_129' title='bbox 1080 2926 1250 3012; x_wconf 85' lang='lat' dir='ltr'>umbrae.</span> 
     </span>
    </p>
   </div>
   <div class='ocr_carea' id='block_1_5' title="bbox 69 3060 1420 3178">
    <p class='ocr_par' dir='ltr' id='par_1_17' title="bbox 69 3060 1420 3178">
     <span class='ocr_line' id='line_1_20' title="bbox 69 3060 1420 3178; baseline 0.001 -32"><span class='ocrx_word' id='word_1_130' title='bbox 69 3174 72 3178; x_wconf 11' lang='grc' dir='ltr'><strong>Δ</strong></span> <span class='ocrx_word' id='word_1_131' title='bbox 236 3060 312 3146; x_wconf 85' lang='lat' dir='ltr'>Sed</span> <span class='ocrx_word' id='word_1_132' title='bbox 332 3092 410 3147; x_wconf 90' lang='lat' dir='ltr'>non</span> <span class='ocrx_word' id='word_1_133' title='bbox 427 3081 512 3147; x_wconf 86' lang='lat' dir='ltr'>ante</span> <span class='ocrx_word' id='word_1_134' title='bbox 534 3066 642 3145; x_wconf 90' lang='lat' dir='ltr'>datur</span> <span class='ocrx_word' id='word_1_135' title='bbox 659 3066 801 3147; x_wconf 89' lang='lat' dir='ltr'>telluris</span> <span class='ocrx_word' id='word_1_136' title='bbox 815 3084 944 3177; x_wconf 88' lang='lat' dir='ltr'>operta</span> <span class='ocrx_word' id='word_1_137' title='bbox 961 3065 1095 3164; x_wconf 82' lang='lat' dir='ltr'>subire,</span> <span class='ocrx_word' id='word_1_138' title='bbox 1166 3088 1168 3093; x_wconf 83' lang='grc'><strong><em>·</em></strong></span> <span class='ocrx_word' id='word_1_139' title='bbox 1225 3091 1311 3173; x_wconf 85' lang='lat'>140</span> <span class='ocrx_word' id='word_1_140' title='bbox 1417 3168 1420 3172; x_wconf 14' lang='grc' dir='ltr'>Ι</span> 
     </span>
    </p>
   </div>
   <div class='ocr_carea' id='block_1_6' title="bbox 236 3202 1326 4444">
    <p class='ocr_par' dir='ltr' id='par_1_18' title="bbox 236 3202 1326 4444">
     <span class='ocr_line' id='line_1_21' title="bbox 237 3202 1252 3315; baseline 0.003 -30"><span class='ocrx_word' id='word_1_141' title='bbox 237 3202 467 3285; x_wconf 83' lang='lat' dir='ltr'>Auricomos</span> <span class='ocrx_word' id='word_1_142' title='bbox 484 3231 602 3314; x_wconf 89' lang='lat' dir='ltr'>quam</span> <span class='ocrx_word' id='word_1_143' title='bbox 616 3205 700 3314; x_wconf 91' lang='lat' dir='ltr'>quis</span> <span class='ocrx_word' id='word_1_144' title='bbox 730 3205 950 3315; x_wconf 86' lang='lat' dir='ltr'>decerpserit</span> <span class='ocrx_word' id='word_1_145' title='bbox 967 3205 1097 3288; x_wconf 87' lang='lat' dir='ltr'>arbore</span> <span class='ocrx_word' id='word_1_146' title='bbox 1115 3203 1252 3288; x_wconf 86' lang='lat' dir='ltr'>foetus.</span> 
     </span>
     <span class='ocr_line' id='line_1_22' title="bbox 237 3339 1236 3459; baseline -0.002 -29"><span class='ocrx_word' id='word_1_147' title='bbox 237 3339 331 3430; x_wconf 87' lang='lat' dir='ltr'>Hoc</span> <span class='ocrx_word' id='word_1_148' title='bbox 357 3345 425 3427; x_wconf 88' lang='lat' dir='ltr'>fibi</span> <span class='ocrx_word' id='word_1_149' title='bbox 447 3343 738 3457; x_wconf 88' lang='lat' dir='ltr'>pulchra-suum</span> <span class='ocrx_word' id='word_1_150' title='bbox 752 3345 840 3428; x_wconf 88' lang='lat' dir='ltr'>ferri</span> <span class='ocrx_word' id='word_1_151' title='bbox 859 3344 1077 3459; x_wconf 83' lang='lat' dir='ltr'>Proserpina</span> <span class='ocrx_word' id='word_1_152' title='bbox 1096 3373 1236 3429; x_wconf 87' lang='lat' dir='ltr'>munus</span> 
     </span>
     <span class='ocr_line' id='line_1_23' title="bbox 236 3479 1316 3596; baseline 0.009 -27"><span class='ocrx_word' id='word_1_153' title='bbox 236 3479 417 3569; x_wconf 85' lang='lat' dir='ltr'>Instituit.</span> <span class='ocrx_word' id='word_1_154' title='bbox 448 3482 574 3596; x_wconf 89' lang='lat' dir='ltr'>primo</span> <span class='ocrx_word' id='word_1_155' title='bbox 591 3486 717 3568; x_wconf 87' lang='lat' dir='ltr'>avulso</span> <span class='ocrx_word' id='word_1_156' title='bbox 737 3515 816 3569; x_wconf 89' lang='lat' dir='ltr'>non</span> <span class='ocrx_word' id='word_1_157' title='bbox 837 3485 964 3570; x_wconf 89' lang='lat' dir='ltr'>deficit</span> <span class='ocrx_word' id='word_1_158' title='bbox 982 3486 1074 3570; x_wconf 84' lang='lat' dir='ltr'>aster</span> <span class='ocrx_word' id='word_1_159' title='bbox 1312 3574 1316 3579; x_wconf 91' lang='grc'><em>,</em></span> 
     </span>
     <span class='ocr_line' id='line_1_24' title="bbox 240 3622 1246 3738; baseline 0.001 -30"><span class='ocrx_word' id='word_1_160' title='bbox 240 3622 404 3722; x_wconf 82' lang='lat' dir='ltr'>Aureus,</span> <span class='ocrx_word' id='word_1_161' title='bbox 422 3642 460 3705; x_wconf 90' lang='lat' dir='ltr'>et</span> <span class='ocrx_word' id='word_1_162' title='bbox 475 3623 587 3709; x_wconf 85' lang='lat' dir='ltr'>simili</span> <span class='ocrx_word' id='word_1_163' title='bbox 610 3625 810 3711; x_wconf 84' lang='lat' dir='ltr'>frondescit</span> <span class='ocrx_word' id='word_1_164' title='bbox 826 3627 929 3738; x_wconf 83' lang='lat' dir='ltr'>virga</span> <span class='ocrx_word' id='word_1_165' title='bbox 946 3624 1114 3711; x_wconf 85' lang='lat' dir='ltr'>metallo.</span> <span class='ocrx_word' id='word_1_166' title='bbox 1245 3632 1246 3636; x_wconf 65' lang='lat'><em>&#39;</em></span> 
     </span>
     <span class='ocr_line' id='line_1_25' title="bbox 240 3743 1317 3881; baseline 0.001 -32"><span class='ocrx_word' id='word_1_167' title='bbox 240 3761 346 3876; x_wconf 85' lang='lat' dir='ltr'>Ergo</span> <span class='ocrx_word' id='word_1_168' title='bbox 364 3743 438 3847; x_wconf 82' lang='lat' dir='ltr'>alte</span> <span class='ocrx_word' id='word_1_169' title='bbox 456 3766 595 3876; x_wconf 87' lang='lat' dir='ltr'>vestiga</span> <span class='ocrx_word' id='word_1_170' title='bbox 609 3767 740 3868; x_wconf 88' lang='lat' dir='ltr'>oculis,</span> <span class='ocrx_word' id='word_1_171' title='bbox 758 3785 797 3851; x_wconf 89' lang='lat' dir='ltr'>et</span> <span class='ocrx_word' id='word_1_172' title='bbox 816 3769 884 3852; x_wconf 89' lang='lat' dir='ltr'>rite</span> <span class='ocrx_word' id='word_1_173' title='bbox 899 3786 1092 3881; x_wconf 88' lang='lat' dir='ltr'>repertum</span> <span class='ocrx_word' id='word_1_174' title='bbox 1234 3792 1287 3873; x_wconf 84' lang='lat'>14</span> <span class='ocrx_word' id='word_1_175' title='bbox 1293 3792 1317 3876; x_wconf 83' lang='lat'>5</span> 
     </span>
     <span class='ocr_line' id='line_1_26' title="bbox 242 3898 1324 4024; baseline 0.001 -38"><span class='ocrx_word' id='word_1_176' title='bbox 242 3898 368 4016; x_wconf 71' lang='lat' dir='ltr'>cape</span> <span class='ocrx_word' id='word_1_177' title='bbox 399 3933 545 3994; x_wconf 78' lang='lat' dir='ltr'>manue</span> <span class='ocrx_word' id='word_1_178' title='bbox 575 3936 742 4020; x_wconf 85' lang='lat' dir='ltr'>narnque</span> <span class='ocrx_word' id='word_1_179' title='bbox 771 3910 847 4024; x_wconf 86' lang='lat' dir='ltr'>ipse</span> <span class='ocrx_word' id='word_1_180' title='bbox 879 3907 1009 3993; x_wconf 85' lang='lat' dir='ltr'>volens</span> <span class='ocrx_word' id='word_1_181' title='bbox 1039 3903 1232 4018; x_wconf 79' lang='lat' dir='ltr'>facilisque</span> <span class='ocrx_word' id='word_1_182' title='bbox 1265 3905 1324 3989; x_wconf 86' lang='lat' dir='ltr'>se.-</span> 
     </span>
     <span class='ocr_line' id='line_1_27' title="bbox 426 4064 1165 4158; baseline 0.003 -28"><span class='ocrx_word' id='word_1_183' title='bbox 426 4064 576 4158; x_wconf 85' lang='lat' dir='ltr'>quetur,</span> <span class='ocrx_word' id='word_1_184' title='bbox 1161 4071 1165 4079; x_wconf 90' lang='lat'><strong>·</strong></span> 
     </span>
     <span class='ocr_line' id='line_1_28' title="bbox 240 4178 1306 4318; baseline -0.003 -42"><span class='ocrx_word' id='word_1_185' title='bbox 240 4178 286 4303; x_wconf 66' lang='lat' dir='ltr'>§i</span> <span class='ocrx_word' id='word_1_186' title='bbox 305 4200 342 4273; x_wconf 88' lang='lat' dir='ltr'>te</span> <span class='ocrx_word' id='word_1_187' title='bbox 361 4184 436 4275; x_wconf 86' lang='lat' dir='ltr'>sata</span> <span class='ocrx_word' id='word_1_188' title='bbox 453 4211 610 4282; x_wconf 77' lang='lat' dir='ltr'>vocant:</span> <span class='ocrx_word' id='word_1_189' title='bbox 633 4190 750 4297; x_wconf 77' lang='lat' dir='ltr'>aiiter,</span> <span class='ocrx_word' id='word_1_190' title='bbox 768 4192 1002 4318; x_wconf 62' lang='lat' dir='ltr'>noctitibus</span> <span class='ocrx_word' id='word_1_191' title='bbox 1019 4193 1108 4305; x_wconf 75' lang='lat' dir='ltr'>ullis</span> <span class='ocrx_word' id='word_1_192' title='bbox 1174 4301 1178 4309; x_wconf 19' lang='grc' dir='ltr'>Ι</span> <span class='ocrx_word' id='word_1_193' title='bbox 1293 4202 1306 4273; x_wconf 85' lang='lat' dir='ltr'>t</span> 
     </span>
     <span class='ocr_line' id='line_1_29' title="bbox 1144 4323 1326 4444; baseline -0.011 -32"><span class='ocrx_word' id='word_1_194' title='bbox 1144 4323 1326 4444; x_wconf 64' lang='lat' dir='ltr'>yincere,</span> 
     </span>
    </p>
   </div>
   <div class='ocr_carea' id='block_1_7' title="bbox 0 0 1463 5176">
    <p class='ocr_par' dir='ltr' id='par_1_19' title="bbox 0 0 1463 5176">
     <span class='ocr_line' id='line_1_30' title="bbox 0 0 1463 5176; baseline 0 0"><span class='ocrx_word' id='word_1_195' title='bbox 0 0 1463 5176; x_wconf 95' lang='lat' dir='ltr'> </span> 
     </span>
    </p>
   </div>
  </div>
 </body>
</html>
