2872 5176
278 375 338 479 aa
493 344 545 437 P.
585 343 853 459 Vtuntur
890 339 1170 453 Minonis

278 545 339 625 Sic
360 541 469 642 fatus,
488 543 605 655 cingit
617 540 789 649 viridanti
807 557 977 650 “mm
994 538 1112 636 lauto,
1289 594 1293 601 ·
1345 558 1350 565 ’

278 686 331 766 Et
339 681 511 797 'primum
529 701 763 765 mteomues
777 681 958 771 nidorem
974 680 1142 790 appellat
1151 678 1330 771 Aoesteu.
1350 698 1355 717 '

278 823 367 906 Nec
384 826 504 937 bonus
520 823 705 932 Eurytion
720 821 881 930 praelato
900 820 1032 917 invidit
1044 796 1195 929 honori,
1262 836 1358 933 541·

280 963 465 1071 Qamvis
482 962 579 1045 solus
597 990 705 1044 avem
727 961 834 1062 coelo
852 960 985 1068 dejecit
1001 959 1050 1039 ab
1063 958 1153 1045 alto.

281 1106 480 1187 Proximus
496 1104 700 1212 ingreditur
717 1103 837 1199 donis,
856 1102 921 1211 qui
938 1100 1088 1182 vincula
1103 1100 1227 1211 rupit:

283 1246 496 1341 Extremus,
513 1241 655 1325 volucri
672 1242 739 1351 qui
752 1242 837 1323 fixit
854 1241 1032 1321 arundine
1049 1238 1225 1325 malums

348 1386 403 1463 At
422 1400 523 1492 pater
541 1384 700 1480 Aeneae,
715 1383 885 1462 nondum
900 1381 1100 1465 certamine
1118 1378 1239 1479 miss'o,
1262 1402 1354 1491 545

286 1523 493 1603 Custodem
515 1523 565 1623 ad
582 1522 653 1603 sese
669 1525 923 1631 comitemque
938 1522 1102 1632 impubis
1116 1519 1191 1603 liiii

287 1663 476 1772 Epytiden
492 1682 612 1762 vocat,
629 1680 668 1745 et
683 1663 799 1755 fidam
813 1664 861 1753 fic
879 1662 977 1744 fatur
991 1662 1040 1743 ad
1052 1688 1207 1745 aurem:

281 1805 396 1885 -Vade
412 1833 504 1913 age3
525 1823 575 1902 et,
597 1805 770 1901 Ascanio,
791 1805 912 1912 fijam
926 1803 1064 1912 puerile
1078 1821 1251 1914 paratum
1354 1826 1360 1855 ³

47 1975 49 1978 ’
165 2029 167 2032 Α
289 1944 442 2050 Agmen
455 1941 569 2023 habet
586 1942 725 2040 secum,
741 1943 938 2050 cursusque
950 1942 1120 2025 instruxit
1135 1968 1337 2052 equorum,

288 2081 416 2165 Ducat
432 2108 502 2163 avo
514 2098 666 2178 turmas,
685 2099 723 2162 et
735 2080 983 2167 seseostendnt
995 2081 1035 2162 in
1048 2083 1173 2181 armis,
1267 2111 1291 2192 5
1298 2110 1351 2193 50

288 2222 381 2320 Dic,
395 2221 457 2303 ait.
488 2222 564 2330 ipse
577 2249 733 2314 omnem
751 2221 864 2331 longo
894 2222 1070 2303 decedere
1093 2223 1193 2305 circo
1355 2234 1358 2245 '

290 2361 462 2455 Infusum
481 2363 680 2473 populum,
697 2381 735 2447 et
755 2391 907 2474 campos
918 2364 1027 2473 jubet
1043 2363 1114 2445 effe
1126 2381 1302 2473 patentes.

289 2500 475 2580 Incedunt
491 2503 609 2608 pueri,
629 2502 836 2611 pariterque
848 2519 933 2583 ante
949 2530 1015 2584 ora
1029 2520 1228 2612 parentum
1254 2516 1261 2529 '

145 2681 148 2686 .
289 2638 455 2723 Frenatis
471 2638 597 2722 lucent
614 2639 654 2720 in
671 2642 800 2751 equisz
835 2669 929 2751 quos
946 2642 1070 2727 omnis
1086 2661 1214 2726 euntes
1353 2676 1358 2681 ·

291 2779 506 2865 Trinacriae
526 2782 658 2865 mirata
674 2782 803 2864 fremit
819 2785 1029 2894 Trojaeque
1050 2784 1236 2892 juventus.
1272 2814 1295 2895 5
1303 2813 1325 2895 ς
1333 2808 1355 2894 5

293 2917 483 3000 Omnibus
501 2920 540 3029 in
556 2949 706 3003 morem
722 2922 826 3004 tonsa
842 2950 953 3004 coma
970 2922 1085 3031 pressa
1102 2951 1252 3007 corona.
1351 2928 1355 2934 '

294 3061 440 3153 Cornea
457 3058 544 3148 bina
560 3059 686 3141 ferunt
698 3061 860 3171 praefixa
872 3060 1016 3145 hastilia
1029 3058 1144 3145 ferro:

292 3198 382 3280 Pare
399 3193 495 3277 leves
512 3194 673 3281 humero
687 3197 895 3308 pharetras:
928 3202 957 3281 it
971 3206 1117 3310 pectore
1131 3200 1283 3285 summo

292 3332 447 3421 Fiexilis
467 3335 601 3419 obtorti
617 3347 683 3447 per
700 3340 843 3421 collum
861 3339 1021 3423 circulus
1038 3330 1137 3425 auru

293 3474 391 3554 Tres
400 3471 738 3579 equitumnumero
750 3496 906 3575 turmae,
918 3479 1087 3587 ternique
1095 3496 1273 3587 vagantur
1277 3482 1359 3591 560

294 3610 499 3695 Duciores:
528 3614 633 3722 pueri
655 3614 808 3717 bisseni,
826 3644 1017 3727 quemque
1029 3616 1157 3719 secuti,
1371 3623 1375 3633 '

295 3750 464 3859 Agmine
482 3750 614 3859 partito
628 3751 786 3860 fulgent,
799 3755 1020 3867 paribusque
1039 3752 1233 3864 magistris:
1372 3760 1375 3766 '

297 3888 392 3966 Una·
403 3887 502 3984 acies
509 3890 706 3995 juvenum,
726 3892 827 3979 ducit
849 3921 967 4002 quam
984 3921 1117 4006 parvus
1134 3908 1310 3979 ovantem

297 4023 454 4110 Nomen
471 4023 531 4120 avi
548 4024 707 4109 referens
721 4028 903 4128 Priamus,
920 4049 984 4113 tua
995 4030 1106 4130 clara,
1118 4030 1253 4130 Polite,

297 4161 506 4277 Progenies,
521 4170 674 4257 audura
687 4170 821 4257 Italos:
844 4200 963 4284 quem
974 4170 1170 4260 Tluaciua
1178 4170 1274 4256 albis
1283 4203 1304 4280 ,5
1312 4171 1374 4279 6ς

321 4362 324 4367 ,
1244 4306 1370 4394 Portae
