2872 5176
211 379 311 493 134
386 355 439 453 P.
473 346 747 454 Vrnsr'nrr
781 354 1064 468 Maeonis
1175 310 1182 318 ἡ

204 563 409 662 Ascanium
430 562 653 692 ¹fortemque
667 586 785 646 manu
802 563 936 650 fudiffe
953 571 1200 686 Numanum,

205 709 282 791 Cui
295 705 464 793 Remulo
474 724 688 817 cognomen
702 724 792 809 erat,
823 704 1028 822 Turnique
1045 719 1238 806 minorem

206 851 456 951 Germanam,
472 874 592 959 nuper
608 845 779 928 thalamo
785 843 953 952 sociatus,
966 851 1140 942 habebat.
1195 891 1288 977 594

205 991 245 1074 Is
259 991 423 1104 primam
434 1009 520 1073 ante
533 991 654 1071 aciem
670 989 785 1098 digna
801 1004 913 1102 atque
931 994 1085 1109 indigna
1102 1001 1223 1087 relatu

205 1131 440 1231 vociferans,
470 1130 713 1241 tumidusque
729 1157 830 1211 novo
846 1139 1063 1242 praecordia
1082 1164 1201 1253 regno

205 1275 304 1378 Ibat,
333 1293 373 1358 et
385 1274 528 1384 ingenti
540 1272 612 1353 sese
626 1272 790 1353 clamore
803 1270 972 1359 ferebat:

203 1419 301 1502 Non
320 1416 437 1530 pudet
449 1415 640 1498 obfidione
652 1415 789 1496 itemm
807 1413 982 1528 valloque
999 1423 1129 1523 reneri,

203 1559 267 1640 Bis
287 1558 386 1669 capti
403 1553 584 1666 Phryges,
613 1573 650 1637 et
663 1557 777 1636 morti
791 1561 1029 1665 praetendere
1048 1571 1210 1652 muros?

201 1700 278 1798 En,
309 1696 377 1809 qui
397 1696 520 1778 nostra
538 1697 605 1777 fibi
622 1695 724 1775 bello
736 1695 925 1778 connubia
945 1701 1129 1810 poscunt!
1187 1688 1285 1796 600¹

202 1840 301 1951 Qis
313 1843 417 1938 deus,
449 1839 596 1920 ltaliam
613 1865 710 1945 quae
723 1863 789 1917 vos
806 1836 996 1921 dementia
1015 1843 1166 1957 adegit?

200 1983 298 2067 Non
314 1979 380 2063 hic
399 1978 567 2077 Atridae,
598 2006 669 2059 nec
685 1976 788 2059 fandi
803 1977 911 2060 fidior
924 1982 1092 2092 Ulyises:

199 2120 358 2208 Durum
370 2122 419 2204 ab
432 2120 543 2232 stirpe
561 2146 690 2230 genus,
709 2137 814 2200 natos
828 2120 876 2200 ad
896 2121 1055 2208 flumina
1073 2129 1247 2238 primum

199 2258 432 2364 Deferimus,
464 2264 644 2373 saevoque
657 2260 746 2370 gelu
765 2261 945 2345 duramus
960 2281 999 2346 et
1011 2262 1134 2355 undis.
1230 2300 1233 2309 ·
1272 2268 1277 2276 ’

199 2403 556 2514 Venatuinvigilant
574 2403 692 2513 pueri,
724 2401 901 2513 filvasque
915 2405 1094 2516 fatigant:
1184 2390 1278 2528 605

199 2544 370 2632 Fledere
380 2544 493 2626 ludus
511 2569 642 2653 equos,
674 2557 713 2621 et
729 2540 869 2652 spicula
879 2544 1030 2627 tendere
1049 2576 1179 2634 cornu.

197 2690 268 2791 At,
300 2688 441 2800 patiens
461 2710 620 2796 operum
642 2709 831 2791 parvoque
844 2681 990 2784 assueta,
999 2682 1177 2795 juvenrris

196 2836 279 2918 Aut
292 2830 412 2912 rastris
430 2847 565 2909 terram
577 2825 719 2926 domat,
752 2842 816 2904 aut
830 2827 948 2933 quatit
965 2833 1103 2940 oppida
1116 2832 1232 2921 bello.

196 2978 326 3057 Omne
345 2998 482 3053 aevum
499 2968 599 3048 ferro
621 2967 761 3063 teritur,
794 2968 966 3075 versaque
978 2972 1189 3078 juvencum

194 3117 322 3223 Terga
338 3110 539 3219 fatigamus
562 3105 688 3188 hasta:
720 3132 790 3187 nec
809 3107 911 3186 tarda
929 3108 1096 3194 senectus
1176 3118 1269 3202 610

194 3253 379 3338 Debilitat
392 3252 484 3331 vires
497 3248 626 3345 animi,
658 3264 854 3357 mutatque
869 3248 1050 3357 vigorem.

193 3395 381 3478 Canitiem
398 3390 502 3501 galea
522 3390 754 3511 premimus;
786 3389 1005 3499 semperque
1024 3413 1189 3476 recenter

194 3535 423 3616 Convedtare
436 3532 541 3638 juvat
556 3528 719 3638 praedas,
751 3547 788 3608 et
805 3529 925 3609 vivere
944 3549 1063 3640 raptu.

191 3675 313 3756 Vobis
326 3673 426 3784 pieta
440 3698 551 3752 croco
569 3685 606 3750 et
617 3668 775 3778 fulgenti
790 3670 932 3749 murice
946 3672 1078 3756 vestis:

189 3820 364 3901 Desidiae
383 3815 487 3897 cordi
496 3856 508 3914 3
534 3815 639 3922 juvat
657 3810 850 3920 indulgere
868 3809 1036 3898 choreis:
1171 3819 1267 3934 615

188 3961 241 4041 Et
259 3959 405 4040 tunicae
423 3956 599 4053 manicas,
632 3971 668 4034 et
684 3951 823 4036 habent
837 3952 1056 4038 redimicula
1069 3956 1215 4041 mitrae.

188 4100 324 4181 'Overe
338 4096 535 4209 Phrygiae,
548 4123 669 4206 neque
685 4095 787 4175 enim
809 4092 991 4205 Phryges,
1014 4096 1142 4208 iteper
1156 4096 1233 4180 alra

187 4241 397 4355 Dindyma,
430 4239 496 4322 ubi
511 4236 655 4321 affuetis
674 4234 838 4319 biforem
850 4236 914 4320 dat
933 4239 1024 4324 tibia
1040 4246 1212 4322 aarum
1249 4262 1265 4288 ²

1051 4379 1262 4494 Timum
