2872 5176
382 353 691 474 Anunrnos
735 350 850 443 Lrn.
879 350 938 443 Χ.
1103 382 1197 483 197

132 554 247 635 Dona
260 552 371 662 prius.
403 551 511 648 dixit,
542 549 736 659 telumque
749 551 889 630 intorsit
901 551 941 630 in
956 550 1129 638 hostem:

134 693 229 775 lnde
243 691 344 773 aliud
358 692 465 802 super
476 708 586 800 atque
603 691 702 771 aliud
720 688 888 799 figitque,
908 692 1080 802 volatque

136 835 284 943 Ingenti
302 860 394 943 gyro
409 873 421 929 5
453 832 513 911 sed
530 830 679 911 sustinet
693 856 824 910 aureus
840 829 972 914 umb0.

132 972 261 1053 Ter
228 999 372 1052 cucum
387 969 593 1050 adstantem
608 968 728 1050 laevos
740 969 938 1075 equitavit
928 999 966 1049 rn
977 972 1097 1073 orbes,
1113 976 1165 1059 88
1171 1007 1197 1091 ς

136 1114 234 1195 Tela
247 1142 363 1194 manu
375 1112 534 1220 jaciens:
566 1130 621 1191 ter
637 1110 764 1192 secum
778 1109 1040 1193 Troiusheros

134 1255 351 1333 immanem
364 1268 486 1330 aerato
500 1246 719 1329 circumfert
735 1248 899 1357 tegmine
918 1249 1059 1336 filvam.

133 1390 226 1470 Inde
240 1389 307 1469 ubi
320 1407 376 1468 tot
395 1388 537 1467 traxiffe
556 1414 691 1484 moras,
722 1404 779 1467 tot
789 1386 928 1496 spicula
947 1393 1070 1473 taedet
1177 1360 1182 1371 Ι

134 1528 295 1624 Vellere,
327 1546 364 1607 et
379 1543 529 1633 urgetur
546 1553 672 1635 pugna
687 1525 895 1633 congreffus
914 1529 1056 1640 iniqua,

135 1666 264 1746 Multa
278 1693 432 1745 movens
446 1664 585 1762 animo,
600 1667 681 1772 jam
701 1664 854 1745 tandem
867 1671 1041 1779 erumpit,
1060 1691 1097 1752 et
1108 1674 1203 1757 inter

135 1802 325 1884 Bellatoris
336 1804 424 1912 equi
444 1831 532 1885 cava
550 1820 721 1913 tempora
738 1803 888 1912 conjicit
900 1802 1056 1891 hastam.
1113 1813 1193 1923 891

136 1941 259 2022 Tollit
273 1943 309 2022 se
327 1945 512 2022 arrectum
525 1943 745 2051 quadrupeS,
776 1960 815 2023 et
825 1944 987 2025 calcibus
1004 1975 1109 2031 auras

135 2081 331 2181 Verberat,
364 2070 598 2192 effusumque
616 2084 783 2192 equitem
799 2082 904 2192 super
921 2086 996 2196 ipse
1009 2087 1153 2175 secutus

136 2225 326 2334 lmplicat,
355 2227 546 2334 ejectoque
559 2225 743 2305 incumbit
763 2251 921 2305 cernuus
936 2256 1055 2312 armo.

136 2366 315 2446 Clamore
327 2365 530 2449 incendunt
548 2365 699 2445 coelum
718 2364 911 2473 Troesque
928 2368 1151 2477 Latinique.

135 2501 301 2585 Advolat
318 2506 477 2601 Aeneas,
506 2503 830 2612 vaginaqueeripit
848 2504 987 2603 ensem,
1060 2510 1196 2621 896

135 2644 188 2723 Et
199 2644 307 2754 super
319 2642 437 2724 haec·
469 2645 533 2723 ubi
549 2670 648 2723 nunc
667 2643 881 2723 Mezentius
898 2673 993 2743 acer,
1024 2665 1063 2727 et
1076 2646 1140 2728 illa

135 2778 307 2863 Effera
272 2810 327 2862 vrs
342 2782 484 2863 animi?
516 2800 643 2862 contra
662 2779 894 2889 Tyrrhenus,
925 2802 967 2863 ut
977 2812 1081 2865 auras

137 2921 340 3032 Suspiciens
352 2921 471 3003 hausit
487 2923 653 3024 coelum,
676 2941 918 3031 mentemque
929 2925 1094 3034 recepit:

135 3061 263 3142 Hostis
274 3089 412 3158 amare,
431 3062 523 3170 quid
536 3062 741 3170 increpitas,
762 3081 1000 3170 mortemque
1015 3064 1197 3147 minaris?

135 3198 302 3282 Nullum
319 3199 359 3279 in
373 3200 484 3280 caede
502 3200 615 3282 nefas.
636 3229 706 3281 nec
721 3201 770 3280 fic
784 3201 830 3280 ad
847 3202 982 3312 praelia
994 3204 1092 3302 veni,
1111 3233 1192 3313 901

135 3339 222 3420 Nec
240 3359 367 3422 tecum
386 3366 492 3419 meus
511 3338 604 3420 haec
617 3340 757 3450 pepigit
769 3338 866 3418 mihi
879 3339 1027 3420 foedera
1044 3340 1198 3426 Lausus.

137 3477 272 3559 Unum
285 3477 374 3581 hoc,
389 3507 468 3588 per,
483 3479 510 3558 fi
527 3508 601 3588 qua
614 3479 666 3560 est
679 3480 782 3558 vietis
796 3480 902 3560 venia
915 3477 1094 3577 hostibus,
1111 3508 1198 3579 oro;

138 3617 286 3729 Corpus
303 3614 425 3697 humo
443 3618 579 3725 patiare
595 3618 681 3726 tegi.
712 3618 786 3698 scio
807 3617 936 3699 acerba
956 3647 1130 3701 meorum

136 3754 385 3836 circumstare
399 3755 502 3835 odia:
522 3753 638 3852 hunc,
651 3784 729 3852 oro,
743 3757 899 3837 defende
913 3756 1092 3855 furorem,
1109 3787 1163 3867 90
1172 3784 1195 3868 5

137 3897 189 3975 Et
202 3923 265 3975 me
276 3895 484 3979 consortem
500 3896 576 3976 nati
595 3898 758 3978 concede
775 3896 954 4008 sepulcro.

137 4033 244 4127 Haec
257 4032 649 4144 loquitur,juguloque
660 4034 762 4117 haud
773 4036 906 4121 inscius
915 4037 1049 4147 accipit
1060 4037 1198 4136 ensem,

135 4172 379 4287 Undantique
392 4175 557 4259 animam
575 4175 805 4269 diffunditin
818 4207 922 4263 arma
935 4207 1077 4262 cruore.
1144 4166 1151 4181 ’

583 4316 623 4428 Ο
657 4347 679 4431 3
991 4320 1035 4403 P.
1067 4319 1205 4401 VIR-
