2872 5176
315 350 702 449 :moxmnox
762 348 875 443 Lm.
912 352 971 444 V.
1133 379 1195 475 29

130 549 318 633 Anchisae
333 549 454 633 subito
468 549 561 635 tales¹
569 549 759 632 effundere
777 578 912 634 voces:
1097 628 1100 635 ,
1188 622 1193 629 .

128 691 244 787 Nate,
267 687 365 772 mihi
381 689 456 771 vita
471 689 675 797 quondam,
690 687 785 771 dum
801 689 877 772 vita
890 690 1077 790 manebat,
1185 724 1188 731 ·

130 826 254 929 ,Chare
273 827 419 937 magis;
447 844 544 927 nate,
564 827 687 919 iliacis
701 828 859 911 exercite
872 827 980 929 fatis;
1106 857 1162 947 72
1169 842 1194 945 ς’

130 967 296 1078 Imperio
316 966 421 1073 Jovis
440 963 518 1047 huc
535 966 656 1064 venio,
677 967 744 1075 qui
765 965 933 1051 claffibus
951 969 1083 1078 ignem
1188 1042 1194 1047 .

131 1104 302 1214 Depulit,
328 1124 375 1192 et,
383 1102 489 1186 coelo
508 1105 661 1186 tandem
679 1104 869 1186 miseratus
887 1107 935 1187 ab
947 1107 1022 1188 alto
1039 1108 1106 1191 est.

132 1242 303 1322 Confiliis
320 1269 418 1351 pare,
440 1268 535 1351 quae
556 1269 657 1323 nunc
676 1239 928 1351 pulcherrima
944 1245 1091 1327 Nautes
1187 1300 1196 1323 -.

133 1358 212 1462 Da't
238 1372 380 1460 senior:
404 1378 524 1499 lectos
538 1382 705 1488 juvenes,
719 1379 914 1462 fortiffima
930 1383 1058 1483 corda,
1101 1394 1130 1493 J

40 1602 49 1611 ,
136 1520 254 1602 Defer
267 1521 307 1601 in
325 1517 482 1629 Italiam.
512 1547 602 1627 gens
617 1521 708 1601 dura
723 1539 834 1629 atque
848 1523 971 1633 aspera
984 1524 1101 1625 cultu,
1112 1554 1137 1641 7
1144 1557 1199 1639 30

132 1657 368 1765 Debellanda
389 1656 457 1738 tibi
471 1657 582 1738 Latio
600 1656 666 1740 est.
697 1659 796 1741 Ditis
813 1678 940 1742 tamen
950 1681 1036 1775 ante

136 1788 301 1879 Infernas
321 1797 455 1878 accede
473 1797 619 1897 domos,
643 1815 681 1879 et
698 1800 848 1879 Averna
866 1801 1024 1910 peralta
1072 1882 1099 1913 -.
1194 1878 1198 1883 .

137 1937 357 2046 Congreffus
371 1954 468 2046 pete,
486 1954 584 2034 nate,
597 1964 701 2017 meos
713 1969 727 2035 ι,
746 1965 895 2020 nonme
910 1939 1026 2053 irnpia
1039 1968 1204 2053 namque

92 2058 96 2067 ⁵
137 2082 293 2161 Tartara
309 2077 449 2159 habent
467 2076 654 2186 trilicique
680 2078 860 2176 umbrae3
888 2080 951 2161 sed
966 2110 1125 2164 amoena
1143 2082 1203 2192 pi·

286 2283 290 2292 .
324 2241 436 2294 orum

140 2349 322 2448 Concilio,
340 2348 585 2461 Elyfiumque
602 2349 699 2432 colo.
729 2349 806 2432 huc
826 2349 1072 2462 oastaSibylla
1116 2381 1170 2470 73
1179 2382 1202 2466 ς

140 2494 348 2604 Nigrorum
362 2491 485 2593 multo
503 2490 694 2601 pecudum
711 2510 748 2576 te
765 2492 938 2602 sanguine¹
950 2495 1072 2578 ducet.
1190 2606 1198 2614 .

140 2634 251 2717 Tum
263 2661 380 2746 genus
395 2660 510 2735 omne
528 2651 662 2732 tuum,
691 2652 740 2735 et,
767 2663 862 2746 quae
892 2635 1025 2719 dentur
1043 2638 1204 2738 moenia,
1233 2729 1236 2735 ⁴

294 2868 297 2875 Ι
325 2773 452 2856 disces.
476 2798 481 2805 ’
1189 2794 1192 2799 ’

141 2913 306 3023 Jamque
321 2913 414 3016 vale.
436 2927 592 3020 ¹torquet
608 2910 760 3029 medios!
774 2939 850 2990 nox
868 2909 1026 2995 humida
1051 2911 1195 3008 cursus,¹

144 3030 197 3135 Et
213 3081 276 3135 me
293 3053 418 3134 saevus
434 3051 539 3160 equis
556 3054 676 3130 oriens
694 3050 832 3130 afflavit
846 3049 998 3161 anhelis.
1091 3160 1095 3167 Ι

141 3192 312 3295 Dixerat,
331 3209 367 3270 et
382 3207 509 3271 tenues
526 3187 635 3297 fugit,
656 3215 727 3270 ceu
743 3188 885 3287 furnus,
904 3191 943 3270 in
966 3219 1081 3285 auras.
1114 3206 1202 3307 740'

146 3335 305 3432 Aeneas,
322 3360 399 3442 quo
412 3330 545 3412 deinde
560 3330 661 3412 ruis?
692 3357 769 3438 quo
782 3331 961 3440 proripis?
995 3333 1129 3443 inquit.

148 3476 276 3582 Qem
295 3471 422 3580 fugis?
450 3489 514 3567 aut
525 3471 608 3578 quis
622 3486 658 3549 te
675 3469 806 3565 nostris
817 3469 1074 3580 complexibus
1085 3478 1206 3559 arcet?

143 3610 256 3709 Haec
273 3637 485 3691 memorans
502 3611 665 3690 cinerem
682 3626 720 3689 et
732 3608 866 3716 sopitos
884 3607 1025 3689 suscitat
1045 3610 1148 3718 ignes
1164 3641 1177 3694 r
1195 3642 1201 3673 ·-
1344 3620 1347 3629 '

148 3729 469 3858 Pergameumque
482 3749 634 3843 Larem,
655 3764 692 3827 et
709 3774 821 3827 canae
841 3745 1038 3855 penetralia
1062 3746 1208 3846 vestae,

146 3888 258 3968 Farre
276 3887 340 3997 pio
357 3904 394 3967 et
421 3888 531 3995 plena
549 3885 705 3995 supplex
725 3903 917 4005 veneratur
934 3911 1067 3968 acerra.
1119 3912 1177 4000 74
1184 3914 1207 3999 ς

148 4025 354 4134 Extemplo
370 4022 486 4105 socios
509 4024 751 4132 primumque
768 4022 916 4105 accerfit
932 4021 1118 4106 Acesten:
1199 4080 1202 4087 -

149 4165 200 4244 Et
215 4163 318 4271 Jovis
331 4163 544 4291 imperium,
562 4181 600 4247 et
611 4161 713 4269 chari
728 4179 919 4274 praecepto
932 4162 1090 4271 parentis
1176 4251 1200 4286 Ι,

1055 4297 1211 4400 Edocet,
