2872 5176
274 329 353 439 236·
502 326 552 421 P.
592 327 863 420 Vruo1n11
900 325 1174 427 Maronis
1353 344 1358 361 '

269 524 447 609 Iliadum.
478 522 544 607 hic
560 552 636 606 rusa
653 523 830 621 emultis,
846 553 943 635 quae
961 529 1128 612 maxima
1143 549 1247 631 natu,

266 665 406 775 Pyrgo,
425 664 633 748 totPriami
646 681 821 746 natorum
841 664 943 774 r'egia
958 667 1111 751 nutrix:
1249 672 1344 786 ⁶45

42 878 53 929 7
124 888 126 893 ,
267 807 365 890 Non
390 806 508 889 Βετοὲ
532 805 638 887 vobis
650 844 664 903 ς
695 832 773 887 non
789 803 882 886 baec
906 803 1108 908 Rhoeteia,
1130 827 1280 914 mana,

266 944 338 1030 Est
356 944 516 1054 Dorycli
534 947 697 1053 conjux:
729 942 846 1025 divini
859 944 961 1053 ligna
978 945 1135 1046 decoris,

267 1084 526 1192 Ardentesque
548 1099 673 1165 notate
691 1081 843 1180 oculos;
865 1082 931 1190 qui
949 1082 1094 1193 spirims
1111 1084 1180 1186 illi,

266 1222 348 1331 Qi
367 1222 504 1322 uultus,
523 1223 667 1303 vocisve
687 1221 806 1319 sonus,
834 1220 892 1301 vel
913 1220 1048 1330 greffm
1059 1225 1174 1310 eunti.

267 1361 353 1472 Ipsa
369 1380 520 1471 egomet
536 1361 683 1441 dudum
700 1360 842 1440 Beroen
856 1358 1010 1468 digressa
1023 1360 1158 1469 reliqui
1250 1363 1277 1446 6
1283 1388 1345 1475 ςο

269 1503 451 1608 Aegram,
474 1501 729 1610 indignantem
745 1500 807 1580 tali
826 1499 930 1608 quod
942 1497 1018 1580 sola
1032 1519 1172 1583 careret

267 1640 447 1747 Munere,
467 1669 537 1723 nec
554 1641 705 1723 meritos
719 1638 904 1722 Anchisae
919 1637 1071 1724 inferret
1087 1640 1260 1726 bonmos.

268 1777 379 1874 Haec
397 1780 519 1866 effata.
1176 1858 1184 1867 .

267 1917 325 2001 At
343 1936 492 2023 matres,
512 1922 635 2030 primo
651 1920 840 2030 ancipites,
859 1917 1047 2029 oculisque
1059 1920 1234 2030 malignis

267 2057 496 2168 Ambiguae,
504 2059 665 2169 speetare
673 2078 778 2159 rates,
789 2059 966 2140 miserum
974 2060 1069 2141 inter
1075 2062 1274 2145 amorem6
1282 2087 1307 2173 5
1314 2087 1340 2172 5

266 2199 468 2282 Praesentis
484 2218 599 2282 terrae
616 2202 772 2311 fatisque
783 2200 956 2281 vocantia
965 2229 1097 2310 regna:

266 2340 372 2423 Cum
384 2341 454 2423 dea
473 2342 509 2422 se
522 2343 670 2450 paribus
682 2368 748 2450 per
767 2340 916 2422 coelum
932 2338 1076 2421 sustulit
1096 2339 1174 2440 alis,

267 2480 541 2589 lugentemque
559 2481 649 2587 fuga
667 2480 779 2561 secuit
793 2480 860 2560 sub
878 2478 1040 2560 nubibus
1059 2507 1202 2560 arcum.

267 2615 378 2699 Tum
394 2643 481 2697 vcro
498 2618 671 2697 attonitae
689 2619 873 2715 monstris,
896 2621 1072 2726 actaeque
1091 2619 1228 2714 furore,
1252 2619 1278 2701 6
1285 2646 1350 2732 59

224 2774 228 2780 ’
266 2753 529 2852 Conclamant,
543 2757 764 2866 rapiuntque
779 2757 872 2836 focis
891 2757 1139 2862 penetralibus
1157 2758 1308 2865 ignem:

264 2893 354 2975 Pars
371 2895 526 3006 spoliant
551 2924 641 2995 aras,
657 2896 843 2993 frondem,
863 2921 906 2974 ac
924 2895 1094 3003 virgulta,
1115 2895 1289 3005 facesque

265 3034 492 3141 conjiciunt.
524 3033 615 3115 furit
634 3034 806 3114 immissis
826 3020 1022 3113 Vulcanus
1035 3032 1191 3115 habenis

266 3172 446 3254 Transtra
463 3201 541 3283 per,
561 3191 599 3255 et
614 3198 749 3272 remos,
768 3192 805 3255 et
819 3175 935 3285 pietas
957 3173 1083 3255 abiete
1102 3200 1262 3285 puppes.

266 3313 442 3394 Nuncius
458 3311 642 3394 Anchisae
658 3315 705 3394 ad
723 3313 918 3394 tumulum
931 3313 1142 3422 cuneosque
1160 3311 1293 3394 theatri

268 3453 439 3535 incensas
460 3453 597 3562 perfert
614 3481 724 3536 naves
742 3454 951 3537 Eumelus:
982 3472 1020 3535 et
1036 3455 1101 3563 ipfi
1252 3456 1308 3538 66
1314 3483 1350 3564 5-

263 3592 483 3701 Respiciunt
496 3609 613 3673 atram
630 3594 669 3674 in
683 3593 816 3674 nimbo
836 3591 987 3672 volitare
1003 3591 1181 3672 favillam.

264 3730 414 3830 Primus
426 3750 463 3812 et
476 3731 668 3828 Ascanius,
687 3732 811 3813 cursus
829 3750 873 3812 ut
886 3729 1000 3812 laetus
1011 3731 1198 3841 equestres
1374 3760 1404 3807 ,-

104 3868 111 3884 “
266 3871 452 3967 Ducebat,
471 3872 521 3953 fic
537 3901 622 3954 acer
631 3901 730 3982 equo
748 3873 892 3953 turbata
909 3871 1038 3981 petivit

268 4008 419 4090 Castra:
440 4037 509 4090 nec
523 4011 712 4140 exanimes
725 4009 871 4122 possunt
883 4010 1038 4092 retinere
1057 4008 1235 4122 magistrl
1253 4009 1356 4120 669·

268 4149 365 4273 Qis
377 4142 480 4232 fruor
491 4149 558 4234 iste
568 4156 710 4235 novus?
725 4181 803 4263 quo
814 4178 929 4252 nunc,
939 4174 1017 4263 quo
1028 4152 1190 4253 tendltis,
1206 4148 1351 4260 inquit}

1243 4289 1359 4375 Heu!
