2872 5176
268 444 363 542 ¹32
458 413 511 509 Ρ.
544 413 806 509 Vmorrrr
842 410 1121 508 Masonsa

267 615 436 728 Agnovit
446 614 607 724 juvenis,
625 612 865 725 duplicesque
884 612 932 694 ad
955 613 1070 697 fidera
1086 613 1231 726 palmas
1340 705 1342 709 .

268 754 436 856 Sustulit,
450 782 495 837 ac
510 754 574 835 tali
587 752 796 864 fugientem
811 752 865 835 est
880 780 973 834 voce
990 753 1154 840 secutus:

216 1002 220 1009 ,
257 895 335 994 Iri,
367 893 482 1009 decus
498 891 608 990 coeli,
639 891 724 1003 quis
741 910 778 973 te
795 888 894 972 mihi
912 892 1074 975 nubibus
1093 896 1218 976 astam

267 1010 613 1117 Detulitinterras?
644 1031 744 1113 unde
758 1029 851 1111 haec
866 1049 948 1111 tam
962 1029 1060 1112 clara
1071 1052 1222 1144 repente

270 1170 519 1284 Tempestas?
548 1171 840 1254 mediumvideo
852 1169 1037 1252 discedere
1051 1172 1215 1272 coelum,
1280 1200 1339 1259 20
1404 1278 1410 1291 Ι

270 1306 513 1423 Palantesque
529 1311 620 1424 poio
639 1310 771 1393 stellas.
802 1310 936 1419 sequor
949 1312 1077 1391 omina
1090 1312 1203 1413 tanta,
1247 1368 1249 1373 -
1287 1328 1300 1353 ⁴

271 1450 451 1562 Qisquis
464 1451 504 1532 in
517 1479 622 1532 arma
637 1477 758 1541 vocas.
787 1467 826 1530 et
846 1450 896 1529 fic
909 1448 1041 1532 effatus
1058 1452 1106 1532 ad
1117 1454 1260 1537 undam

272 1568 463 1689 Processit,
493 1590 721 1698 summoque
732 1587 854 1670 hausit
867 1589 914 1670 de
931 1591 1076 1699 gurgite
1090 1591 1277 1703 lymphas,

271 1727 402 1813 Multa
421 1729 512 1810 deos
531 1754 658 1810 orans:
688 1727 928 1837 oneravitque
947 1727 1095 1811 aethera
1108 1731 1215 1815 votis.

336 1868 501 1976 Jamque
518 1867 642 1947 omnis
660 1866 997 1976 campisexercitus
1008 1866 1084 1947 ibat
1103 1869 1248 1980 apertis,
1284 1896 1306 1954 2
1316 1899 1342 1985 ς

275 2004 394 2094 Dives
409 2032 568 2116 equum,
599 2004 701 2087 dives
718 2005 833 2115 pida‘r'
850 2004 957 2085 vestis
981 2022 1018 2084 et
1035 2007 1127 2092 auri.

273 2144 468 2257 Messapus
480 2145 621 2259 primas
634 2145 742 2244 acies,
773 2143 960 2257 postrema
970 2155 1142 2233 codrcent

276 2284 490 2396 Tyrrhidae
501 2287 675 2394 juvenesr
707 2285 835 2367 medio
852 2285 932 2366 dux
950 2287 1100 2394 agmine
1119 2287 1159 2368 T
1161 2316 1297 2372 urnuss

276 2427 562 2509 Vertiturarma
575 2445 716 2524 tenens,
736 2443 865 2508 ettoto
885 2425 1019 2506 vertice
1032 2427 1139 2536 supra
1157 2427 1223 2511 est.

277 2566 363 2648 Ceu
376 2564 515 2676 septem
529 2566 680 2674 surgens
691 2564 821 2646 sedatis
831 2564 1006 2645 amnibus
1022 2565 1118 2647 altus
1286 2597 1345 2679 30

277 2706 351 2790 Per
363 2707 518 2788 tacitum
535 2707 707 2816 Ganges;
739 2724 803 2787 aut
815 2705 945 2817 pingui
963 2704 1121 2788 flumine
1139 2706 1267 2809 Nilus,
1309 2711 1315 2718 ’

278 2846 384 2930 Cu'm
401 2846 525 2930 refluit
541 2847 696 2958 campis,
719 2865 759 2927 et
768 2847 851 2955 jam
868 2846 905 2927 se
922 2846 1089 2926 condidit
1106 2845 1223 2931 alveo.

279 2986 359 3066 Hic
389 2985 550 3067 subitam
566 2988 674 3094 nigro
687 2984 885 3095 glomerari
903 2983 1054 3096 pulvere
1067 2985 1210 3066 nubem

278 3124 513 3234 Prospiciunt
529 3125 683 3224 Teucri,
714 3152 759 3206 ac
775 3125 943 3206 tenebras
961 3124 1146 3234 insurgere
1165 3126 1323 3236 campis.

279 3262 429 3344 Primus
440 3263 490 3344 ab'
504 3262 651 3344 adversa
668 3263 879 3345 conclamat
890 3263 992 3344 mole
1005 3265 1162 3346 Caicus:
1287 3297 1343 3381 35

279 3402 377 3512 Qis
389 3400 554 3511 globus·
576 3403 723 3500 ocives,
751 3402 908 3511 caligine
924 3403 1083 3483 volvitur
1099 3409 1197 3486 atra?

279 3539 390 3624 Ferte
407 3539 472 3620 citi
492 3537 649 3640 ferrum,
680 3540 764 3622 date
777 3541 863 3640 tela,
890 3558 927 3621 et
945 3539 1107 3623 scandite
1121 3571 1271 3625 muros:

280 3682 411 3766 Hostis
421 3680 535 3781 adest,
559 3681 628 3762 eia.
661 3680 802 3791 ingenti
824 3680 988 3764 clamore
1002 3711 1067 3793 per
1080 3708 1214 3766 omnes

135 3811 138 3817 ’
192 3904 199 3913 ,
280 3823 460 3904 Condunt
473 3819 510 3903 se
528 3820 670 3902 Teucri
683 3840 817 3932 portas,
849 3840 886 3902 et
900 3823 1049 3902 moenia
1061 3823 1266 3932 complent.

278 3959 462 4070 Namque
474 3961 525 4045 ita
535 3961 723 4043 discedens
734 3981 968 4073 praeceperat
981 3965 1147 4073 optimus
1160 3965 1272 4045 armis
1289 3993 1350 4073 4o

280 4100 445 4179 Aeneas:
477 4097 597 4208 siqua
617 4097 754 4182 interea
768 4099 916 4183 fortuna
926 4101 1062 4204 suisset,
1148 4132 1152 4141 ¹

279 4239 372 4321 Neu
388 4237 523 4321 struere
537 4238 714 4350 auderent
727 4242 861 4343 aciem,
893 4269 967 4326 neu
988 4243 1137 4349 credere
1157 4272 1316 4352 campo:

1222 4382 1355 4468 Castra
