2872 5176
281 320 286 329 ’
316 366 413 465 192
491 338 853 436 P.V1aoru11
890 340 1175 449 Manours

309 540 493 623 Caedicus
505 539 738 623 Alcathoum
751 544 958 646 obtruncat,
973 548 1139 633 Sacrator
1151 554 1375 671 Hydaspen
1380 608 1394 670 3

307 680 629 793 Partheniumque
646 686 769 794 Rapo,
785 702 822 766 et
835 686 1061 796 praedurum
1073 691 1219 778 viribus*
1237 700 1369 787 Orsen
1379 734 1392 794 ς

310 822 503 934 Messapus
521 824 775 934 Cloniumque
792 826 1105 938 Lycaoniumque
1120 836 1331 939 Ericetem

305 962 440 1061 Illum,
469 961 623 1045 infrenis
637 964 726 1073 equi
745 962 847 1075 lapsu
859 966 991 1049 tellure
997 968 1214 1076 jacentem
1295 1006 1327 1095 7
1332 1007 1390 1094 5⁰

308 1107 427 1189 Hunc
440 1106 605 1217 peditem
616 1107 741 1216 podes.
771 1123 809 1186 ct
822 1107 962 1215 Lycius
981 1112 1346 1230 processeratAgis;

297 1246 440 1344 -Quem
452 1242 692 1325 tamenhaud
704 1272 835 1354 expers
846 1245 1002 1328 Valerus
1016 1249 1159 1335 virtutis
1177 1256 1309 1342 avitae

307 1385 472 1494 Dejicit:
496 1384 702 1465 Attonium
719 1382 861 1483 Salius;
893 1384 1110 1499 Saliumque
1120 1393 1308 1499 Nealces,

225 1562 230 1571 ·
305 1524 464 1635 lnfignis
476 1522 602 1631 jaculo
612 1542 650 1604 et
665 1521 777 1632 longe
793 1522 944 1606 fallente
960 1526 1101 1637 sagitta.

306 1666 398 1772 Jam
409 1663 528 1773 gravis
543 1661 723 1772 aequabat
733 1661 855 1744 ludius
868 1679 906 1744 et
923 1681 1056 1745 mutua
1074 1666 1233 1753 Mavors
1281 1648 1318 1793 '7
1324 1704 1384 1793 53

303 1806 472 1888 Funera:
503 1804 704 1886 caedebant
723 1803 857 1914 pariter
866 1805 1074 1916 pariterque
1092 1811 1252 1895 ruebant
1369 1866 1374 1879 ·

304 1943 687 2052 Vistorm,vislique:
714 1970 838 2051 neque
849 1941 908 2023 his
920 1941 1011 2053 suga
1022 1964 1123 2048 nota,
1151 1956 1381 2065 nequeillis,

304 2083 361 2166 Di
375 2083 478 2191 Jovis
496 2082 651 2163 intectis
664 2082 760 2162 iram
779 2081 1000 2164 miserantur
1018 2085 1170 2171 inanem

303 2224 535 2321 Amborum,
566 2240 605 2305 et
620 2192 740 2304 tantos
756 2223 974 2305 mortalibus
992 2225 1063 2307 effe
1074 2226 1230 2319 labores.

302 2365 409 2446 Hinc
420 2364 562 2458 Venus,
576 2359 666 2446 hinc
678 2381 807 2445 contm
818 2362 955 2472 spesiat
969 2366 1136 2450 Saturnia
1147 2368 1265 2477 Juno.
1279 2379 1376 2490 7⁶⁰

302 2503 445 2586 Pallida
459 2499 664 2614 Tisiphone
681 2504 807 2585 media
822 2505 918 2586 inter
942 2506 1060 2588 millia
1073 2508 1195 2596 saevit.

365 2648 421 2727 At
432 2674 518 2726 vero
536 2644 726 2753 ingentem
742 2647 908 2754 quatiens
927 2648 1142 2735 Mezentius
1159 2651 1311 2739 hastam

303 2787 498 2868 Turbidus
511 2786 712 2895 ingreditur
730 2813 889 2896 campo:
922 2816 1038 2898 quam
1051 2820 1210 2901 magnus
1230 2798 1371 2898 Orion,

300 2930 405 3009 Cum
424 2927 534 3037 pedes
552 2926 690 3005 incedit
705 2926 820 3006 medii
839 2954 904 3036 per
920 2930 1087 3010 maxima
1106 2933 1224 3014 Nerei
1271 2944 1370 3052 764

303 3073 450 3178 Stagna,
472 3070 572 3148 viam
588 3067 766 3163 scindens,
786 3065 947 3149 humero
960 3068 1206 3179 supereminet
1224 3079 1373 3168 undas:

302 3214 385 3290 Aut
397 3207 553 3291 summis
570 3205 728 3288 referens
740 3207 917 3287 annosam
938 3211 1128 3292 montibus
1149 3240 1304 3318 ornum,

299 3350 583 3457 Ingrediturque
603 3347 693 3444 solo,
717 3365 755 3427 et
768 3349 986 3457 caputinter
1003 3351 1130 3434 nubila
1143 3354 1287 3442 condit.

299 3487 407 3571 Talis
427 3488 462 3568 se
482 3487 588 3567 vastis
605 3484 715 3569 insert
733 3486 948 3569 Mezentius
965 3491 1090 3575 armis.
1168 3560 1171 3565 .

299 3629 405 3714 Huic
424 3644 551 3709 contra
562 3629 720 3729 Aeneas,
752 3625 956 3735 speculatus
971 3629 1011 3711 in
1029 3632 1178 3740 agmine
1190 3632 1324 3745 longo,

300 3769 446 3848 Obvius
459 3766 511 3847 ire
530 3783 644 3875 parat.
674 3782 801 3846 manet
817 3766 1081 3878 imperterritus
1098 3770 1173 3869 ille,
1267 3801 1362 3888 770

298 3909 460 3992 Hostem
472 3906 756 4017 magnanimum
775 3909 980 4018 opperiens,
1011 3928 1048 3991 et
1065 3911 1166 3993 mole
1182 3910 1245 3991 sua
1260 3910 1335 3995 stat
1350 3954 1364 4015 3

300 4054 429 4159 Atque
441 4047 557 4128 oculis
568 4022 728 4159 spatium
741 4048 922 4146 emensus,
929 4068 1117 4161 quantum
1131 4051 1211 4132 satis
1222 4049 1375 4140 hastae:

299 4193 456 4290 Dextra,
488 4185 583 4273 mihi
596 4187 699 4313 deus,
729 4205 765 4270 et
776 4187 908 4288 telum,
939 4191 1041 4301 quod
1061 4191 1194 4276 miffile
1208 4188 1321 4293 libro,

1238 4331 1281 4414 N
1284 4362 1367 4419 unc
