2872 5176
393 422 713 513 Aruernos
738 416 860 509 Lrn
883 412 967 510 XI.
1049 430 1192 546 2²27

112 628 202 709 Fert
236 623 373 735 aquila,
410 619 675 731 implicuitque
701 619 825 731 pedes,
858 637 971 730 atque
1003 620 1197 833 unguiboa'

235 761 415 845 iacnt
429 802 441 860 3

115 905 321 988 Sauciusat
336 903 482 1011 serpena
499 898 641 979 sinuosa
654 897 848 978 volumina
864 898 992 997 versat
1188 967 1219 975 ..

112 1047 352 1153 Arrediisque
370 1041 497 1127 horret
515 1039 692 1149 squamis,
724 1056 761 1119 et
778 1037 897 1121 fibiiat
915 1067 980 1121 ore
1097 1068 1125 1153 7
1132 1045 1191 1157 54'

111 1185 265 1266 Arduus
279 1183 489 1292 insurgens:
522 1179 586 1260 illa
599 1178 699 1260 haud
712 1179 837 1261 minua
853 1197 961 1289 urget
975 1181 1129 1265 obunco
1138 1240 1149 1249 .-

111 1329 338 1409 Ludiantem
352 1326 484 1424 rostro,
516 1323 627 1404 fimul
639 1320 786 1404 aethera
796 1323 963 1406 verberat
979 1324 1064 1408 alis:

109 1467 230 1549 Haud
244 1468 350 1548 aliter
365 1464 543 1576 praedam
558 1462 767 1544 Tiburtum
779 1490 828 1544 ex
842 1465 993 1572 agmine
1006 1464 1190 1551 Tarchon

109 1607 238 1689 Portat
251 1632 378 1689 ovans.
410 1604 516 1684 ducis
529 1602 754 1712 exemplum
772 1620 1026 1714 eventumque
1039 1604 1154 1689 secuti
1166 1630 1178 1670 ··

109 1744 367 1827 Maeonidae
356 1760 562 1826 incurrunt
595 1760 680 1823 tum
697 1741 782 1823 fatis
799 1743 947 1824 debitur
965 1748 1093 1829 Aruns

109 1885 294 1971 Velocem
310 1884 450 1996 jaculo,
477 1902 516 1966 et
530 1883 652 1965 multa
665 1910 767 1994 prior
777 1901 855 1965 arta
874 1885 1078 1969 Camillam
1091 1890 1189 2007 760¹

110 2026 268 2124 Circuit,
295 2044 348 2128 et,
380 2053 477 2137 quae
490 2027 534 2106 sat
547 2025 696 2109 fortuna
708 2023 901 2130 facillima
932 2043 1062 2117 tentat.

109 2166 199 2263 Qua
211 2167 246 2247 se
259 2194 409 2276 cunque
423 2166 550 2248 firrens
565 2164 694 2249 medio
705 2165 809 2244 tulit
813 2167 966 2274 agmine
983 2169 1153 2280 virgo,

111 2307 199 2386 Hac
218 2309 345 2391 Aruns
363 2306 472 2403 subit,
504 2324 542 2387 et
557 2305 689 2387 tacitus
700 2304 852 2414 vestigia
868 2304 1022 2408 lusbat3
1059 2342 1072 2367 ι

110 2451 199 2548 Qua
211 2448 344 2528 victrix
360 2449 456 2528 redit
474 2446 549 2543 illa,
595 2445 808 2557 pedemque
823 2445 994 2532 exhorta
1009 2458 1187 2562 reponat,
1232 2488 1236 2495 ’

109 2585 197 2668 Hac
209 2588 355 2697 juvenis
375 2586 508 2668 furtim
528 2583 665 2666 celeret
676 2583 873 2696 detorquet
884 2583 1060 2678 habenae.
1091 2583 1184 2704 76'5

111 2726 198 2808 H'oa
212 2727 345 2825 aditus,
356 2727 513 2836 jamque
534 2723 605 2804 hoe
617 2725 760 2824 aditus,
771 2754 1006 2838 omnemque
1023 2749 1185 2842 pererrat

111 2868 294 2977 Undique
314 2870 528 2970 circuitum,
542 2886 581 2948 et
598 2885 740 2948 certam
753 2870 873 2977 quatit
888 2869 1084 2981 improbus
1097 2871 1185 2954 has-

110 3153 236 3252 Forte,
268 3153 366 3235 sacer
384 3151 541 3263 Cybele,
560 3150 759 3248 Chloreus,
784 3150 956 3262 olimque
973 3154 1156 3256 sacerdos,
1232 3166 1238 3174 ’

111 3294 269 3404 Insignis
282 3293 394 3403 longe
412 3291 584 3402 Phrygiis
602 3291 769 3400 fulgebat
787 3293 827 3372 in
844 3295 970 3395 armis,
1059 3348 1063 3353 -
1091 3342 1111 3353 ··
1149 3278 1185 3352 ’--

112 3437 434 3546 Spumantemque
448 3434 609 3543 agitabat
623 3460 779 3542 equum
800 3460 918 3541 quem
935 3435 1040 3544 pallia
1053 3435 1183 3522 ahenis

111 3580 157 3658 ln
178 3575 351 3686 plumam
368 3575 530 3686 squamis
547 3602 640 3659 auro
659 3573 823 3654 conserta
839 3576 999 3682 tegebat.
1085 3608 1176 3696 '77¹

110 3717 206 3826 Ipse,
238 3713 431 3825 peregrina
444 3713 630 3822 ferrugine
641 3713 761 3794 clarus
774 3731 813 3793 et
827 3715 957 3815 ostro,
1095 3764 1098 3769 ·

90 3929 91 3932 t
110 3855 260 3968 Spicula
276 3854 472 3964 torquebat
485 3856 606 3965 Lycio
620 3856 805 3964 Gortynia
822 3884 953 3939 comu.
1028 3902 1032 3909 -
1073 3920 1078 3931 .

110 4003 258 4081 Aureus
272 4025 319 4079 ex
334 3997 501 4080 humeris
515 4000 617 4079 sonat
630 4025 749 4096 arcun
780 4014 819 4078 et
832 4027 942 4082 aurea
956 4004 1029 4083 vati
1088 4032 1183 4120 774·

110 4141 276 4224 Callida:
296 4158 380 4221 tum
391 4167 564 4223 croceam
577 4139 899 4250 chlamydemque
917 4142 1089 4257 sanusque
1101 4174 1184 4226 ereo

291 4297 428 4394 pantes
733 4280 827 4384 Q
1086 4286 1182 4363 Car-
