2872 5176
297 371 399 469 206
523 368 574 467 P.
615 369 881 464 Vrncrnrr
922 364 1196 463 Manorrre

301 564 557 675 Setigerosque
567 564 660 663 sues,
691 562 941 675 raptasqueex
958 563 1137 647 omnibus
1151 567 1256 676 agric

300 709 348 789 In
364 705 739 815 flammamjugulant
752 704 935 815 pecudes:
968 720 1053 785 turn
1068 705 1175 790 litore
1193 727 1286 793 toro

302 849 488 931 Ardentes
500 848 662 958 speciant
679 847 809 943 socios,
839 842 1071 954 semustaque
1089 847 1239 931 servant
1287 875 1383 937 που

274 1046 277 1051 -
301 991 441 1090 Busta3
473 1016 595 1098 neque
614 988 720 1069 avelli
738 986 897 1097 poliunt,
928 1010 1005 1067 nox
1022 982 1180 1073 humida
1197 989 1332 1075 donec

303 1131 459 1214 Invenit
475 1128 626 1210 coelum
639 1127 749 1209 stellis
766 1125 993 1234 fulgentibus
1007 1144 1152 1234 aptum.

365 1273 453 1353 Nec
466 1270 592 1349 minus
608 1287 647 1350 et
662 1268 784 1361 miseri
797 1266 936 1350 diversa
952 1267 992 1349 in
1006 1286 1109 1376 parte
1125 1270 1254 1355 Latini

304 1412 526 1491 Innumeras
541 1405 703 1487 struxere
721 1433 842 1516 pyras,
875 1421 912 1485 et
931 1430 1087 1515 corpora
1104 1408 1245 1518 partim

123 1545 135 1564 ⁸
304 1549 435 1631 Multa
445 1548 569 1629 virum
586 1565 701 1630 terrae
718 1547 916 1646 infodiunt,
949 1550 1148 1658 aureaque
1166 1553 1317 1661 partim

302 1689 502 1771 Finitimos
519 1685 655 1767 tollunt
675 1687 714 1767 in
727 1713 846 1796 agros,
874 1684 1033 1795 urbiwe
1051 1687 1265 1774 remittunt.
1284 1722 1379 1815 ²05

305 1833 472 1931 Caetera,
504 1828 751 1936 confusaeque
769 1828 961 1936 ingentem
978 1827 1099 1911 caedis
1117 1858 1315 1939 utrum,

304 1969 393 2049 Nec
406 1993 641 2063 numeronec
649 1964 805 2064 honore,
813 1982 992 2051 cremant.
1001 1982 1091 2051 tunc
1105 1968 1383 2080 undiqnevaffi

306 2110 488 2192 Certatim
498 2107 634 2189 crebris
644 2106 830 2191 collucent
842 2107 990 2217 ignibus
1004 2109 1095 2218 agri,

306 2248 437 2330 Tertia
449 2247 516 2328 lux
528 2245 692 2354 gelidam
707 2244 814 2329 coelo
827 2247 1033 2335 dimoverat
1046 2248 1249 2365 mirram:
1284 2282 1381 2345 m

306 2386 522 2468 Moerentes
536 2384 656 2466 altum
674 2387 839 2468 cinerem
856 2403 893 2467 er
910 2384 1062 2469 confusa
1079 2388 1239 2473 ruebant

307 2524 397 2607 ona
411 2524 518 2622 focis,
548 2525 749 2634 tepidoque
759 2525 959 2607 onerabant
969 2552 1102 2634 aggere
1120 2543 1252 2617 terrae.

308 2664 397 2770 Jam
416 2691 504 2743 vero
524 2662 564 2741 in
584 2663 690 2743 tediis
702 2663 910 2774 praedivitis
929 2663 1021 2744 urbe
1042 2664 1166 2749 Latini
1206 2685 1212 2695 “

307 2804 531 2913 Praecipuus
547 2801 685 2912 fragor,
716 2823 754 2884 et
768 2805 879 2914 longe
898 2832 981 2915 pars
994 2805 1161 2887 maxima
1175 2806 1316 2893 lustru.

306 2945 388 3025 Hic
401 2964 536 3027 matres
556 2945 782 3054 miseraeque
796 2973 923 3042 nurus,
955 2943 1019 3027 hic
1032 2946 1300 3031 carasororum

306 3089 463 3167 Pestora
476 3105 728 3186 moerentum,
761 3086 941 3195 puerique
951 3086 1161 3195 parentibus
1179 3088 1379 3188 orbi,216

306 3226 699 3327 Dirumexsecrantur
712 3226 857 3307 bellum
871 3228 1070 3336 Turnique
1087 3227 1350 3338 hymenaeos:

306 3368 438 3478 Ipsum
453 3368 578 3463 armis,
608 3366 805 3476 ipsumque
819 3368 951 3476 jubent
967 3368 1163 3450 decernere
1183 3369 1314 3471 ferm

308 3508 389 3616 Qri
401 3534 559 3617 regnum
578 3506 718 3604 Italiae,
750 3526 787 3590 et
815 3508 956 3618 primos
974 3508 1042 3589 fibi
1059 3510 1185 3619 poscat
1198 3509 1380 3599 honores.

309 3653 480 3758 Ingravat
493 3648 586 3730 haec
600 3649 723 3730 saevus
735 3651 913 3747 Drances,
928 3650 1124 3760 solumque
1135 3654 1261 3733 vocari
1285 3682 1379 3741 220

308 3791 493 3889 Testatur,
525 3789 647 3872 solum
664 3793 765 3901 posci
782 3794 821 3872 in
836 3795 1038 3874 certamina
1050 3797 1243 3878 Turnum.

307 3931 436 4011 Multa
448 3931 557 4013 fimul
576 3951 705 4014 contra
722 3934 828 4015 variis
847 3933 1021 4017 sententia
1032 3935 1140 4015 diuis

307 4071 539 4168 ProTurno‚
571 4090 802 4183 etmagnum
817 4075 963 4182 reginae
977 4104 1129 4173 nornen,
1148 4074 1377 4161 obumbrata

308 4211 435 4294 Multa
449 4214 573 4310 virum
590 4215 731 4300 meritis
742 4214 914 4315 sustentat
931 4215 1032 4301 fama
1049 4215 1219 4326 tropaeis.

1287 4353 1382 4438 Hoc
