2872 5176
280 384 379 515 126
482 378 559 477 ·P.
593 378 869 491 ·Vaa'o1n11
911 373 1186 475 Manours

281 578 538 689 Miraturque,
567 575 741 685 interque
752 601 886 659 manus
898 591 936 657 et
953 572 1105 659 brachia
1121 578 1239 661 versat

278 717 511 803 Terribilem
523 715 640 803 cristis
651 716 811 827 galeam,
826 714 1071 829 flauamasque
1089 730 1326 824 vomentem,
1345 768 1349 781 ·

279 838 564 971 fautorumque
578 856 718 958 ensem,
731 854 1043 939 loricamexaere
1056 859 1353 969 rigentem,621

280 999 545 1113 §agebant
560 998 773 1111 ingentun:
802 996 935 1109 qualis,
965 1027 1058 1083 cunr
1072 1002 1220 1085 caerula
1237 1004 1359 1087 num

280 1140 377 1223 Solis
392 1138 583 1222 inardescit
600 1140 722 1236 radiis,
754 1137 942 1247 longeque
955 1138 1125 1250 refulget.

279 1283 394 1393 Tum
412 1282 511 1365 leves
518 1308 649 1365 ocreas
665 1278 805 1361 electro
822 1305 990 1387 auroque
1007 1284 1170 1387 recocto,

281 1400 534 1535 llastamque,
565 1439 603 1503 et
620 1420 745 1531 clypei
765 1446 842 1501 non
859 1419 1064 1503 enarrabile
1081 1439 1244 1509 textum.
1266 1426 1321 1511 62
1330 1444 1355 1539 ς

281 1562 367 1649 lllic
383 1590 442 1647 res
451 1561 560 1647 Italas
572 1563 913 1669 Romanortunque
930 1561 1157 1672 triumphos,

280 1702 401 1801 Haud
411 1718 543 1785 vatum
560 1699 723 1811 ignarus,
753 1701 974 1811 venturique
986 1703 1123 1785 inscius
1141 1704 1235 1805 aevi,

280 1820 437 1929 Fecerat
451 1843 688 1953 ignipotens:
719 1840 796 1923 illic
814 1871 932 1953 genus
948 1872 1065 1933 omne
1084 1846 1233 1933 futurae

282 1984 413 2097 Stirpis
430 1984 479 2067 ab
496 1982 673 2086 Ascanio,
715 1997 954 2095 pugnataque
968 1982 1012 2071 in
1034 1985 1167 2071 ordisse
1184 1986 1293 2073 bella.

207 2152 211 2175 ¹
280 2124 621 2237 Feoerat·et-viridi
635 2123 982 2213 foeumMavorris
999 2126 1039 2211 in
1055 2146 1164 2213 antro
1267 2135 1291 2215 6
1298 2159 1355 2243 30

281 2266 691 2381 Procubuiffelupam3
720 2268 893 2379 geminos
906 2264 998 2355 huic
1015 2270 1130 2353 ubera
1141 2270 1288 2367 circum
1321 2300 1324 2306 ’

98 2466 102 2471 -
280 2411 432 2499 Ludere
446 2408 649 2519 pendentes
658 2434 810 2519 pueros,
838 2426 878 2489 et
890 2406 1055 2493 lambere
1074 2429 1236 2495 matrem
1343 2513 1345 2518 ,

282 2549 519 2660 impavidos:
551 2547 671 2646 illam,
701 2549 808 2630 tereti
820 2548 964 2633 cervice
975 2548 1170 2649 reflexam,

282 2690 458 2773 Mulcere
469 2688 642 2788 alternos,
673 2706 712 2771 et
733 2717 889 2800 oorpora
905 2686 1046 2798 fingere
1064 2689 1207 2801 lingua.

282 2832 371 2915 Nec
393 2831 528 2947 procul
544 2829 635 2917 hine
658 2833 844 2938 Romam,
875 2848 914 2917 et
930 2848 1050 2943 raptas
1075 2832 1151 2915 fine
1169 2860 1275 2913 more
1291 2836 1356 2912 Sa-

465 2972 572 3055 binas
1264 2976 1351 3080 635

282 3111 461 3197 Conseffu
480 3139 625 3217 eaveae,
655 3111 803 3220 magnis
816 3110 1050 3193 Circenfibus
1067 3111 1170 3207 actis,

281 3251 504 3357 Addiderat,
535 3250 732 3360 subitoque
750 3278 896 3333 novum
907 3252 1126 3358 consurgere
1137 3247 1282 3331 bellum

280 3389 515 3489 Romulidis,
543 3389 733 3503 Tatioque
750 3389 839 3487 seni,
866 3390 1103 3498 Curibusque
1120 3389 1262 3477 severis.

279 3528 370 3632 Post
385 3528 505 3633 idem,
539 3528 635 3635 inter
648 3527 687 3617 se
702 3529 821 3643 pofito
833 3530 1054 3629 certamine,
1082 3560 1185 3641 reges

179 3780 182 3785 ⁵
281 3670 447 3774 Armati,
470 3670 575 3781 Jovis
595 3688 681 3755 ante
699 3700 818 3773 uam,
852 3671 1066 3783 paterasque
1081 3690 1246 3755 tenentes
1266 3675 1353 3777 640

279 3812 448 3912 Stabant,
475 3830 514 3895 et
532 3813 635 3895 caesa
650 3814 857 3924 jungebant
875 3814 1025 3897 foedera
1043 3842 1167 3925 porca.
1340 3892 1343 3897 ,

281 3938 402 4035 Haud
415 3955 546 4067 procul
559 3956 661 4056 inde,
670 3959 763 4041 citae
772 3958 942 4039 Metium
956 3959 994 4039 in
1004 3956 1143 4039 diversa
1155 3955 1355 4064 quadrigae

216 4088 221 4101 ’
282 4093 526 4195 Distulerant,
557 4114 596 4180 at
608 4113 650 4179 tu
663 4096 784 4194 dietis,
806 4096 967 4195 Albane,
987 4125 1170 4197 maneres,

282 4235 544 4353 Raptabatque
564 4238 633 4325 viri
649 4238 841 4328 mendacis
857 4241 992 4327 viscera
1011 4238 1151 4329 Tullus

1284 4371 1354 4451 Pet·
