2872 5176
275 377 431 492 '2242
479 371 530 466 P.
564 370 839 465 Vrnsortn
871 359 1157 474 Mnnonrs

299 574 382 654 Tot
398 570 553 680 Phrygii
569 569 737 652 cecidere
746 568 828 653 viri.
857 570 990 681 procul
1003 574 1175 685 Ornytus
1191 578 1323 664 armis
1345 574 1354 581 ’
1370 607 1374 618 ·

299 712 453 822 Ignotis,
484 731 522 794 et
539 739 639 820 equo
663 731 813 793 venator
833 714 972 823 Iapyge
990 715 1125 803 fertur:
1205 788 1216 799 ,,

298 852 375 933 Cui
393 851 500 961 pellis
509 850 600 932 latos
620 849 797 933 humeros
814 870 937 961 erepta
946 854 1109 959 juvenco

298 991 502 1102 Pugnatori
519 993 663 1101 operit3
690 1011 804 1101 caput
820 991 949 1100 ingens
969 994 1041 1073 oris
1059 992 1195 1096 hiatus,
1284 998 1379 1087 680

171 1186 174 1192 ι
298 1132 352 1214 Et
365 1130 486 1213 malae
505 1148 629 1212 texere
644 1131 725 1242 lupi
745 1160 837 1213 cum
856 1131 1028 1212 dentibus
1044 1133 1148 1234 albis,
1342 1146 1346 1151 '

297 1270 536 1381 Agrestisque
548 1274 681 1360 massus
697 1287 815 1352 armat
827 1269 961 1379 sparus.
992 1270 1067 1380 ipse
1086 1274 1245 1357 catervis

296 1410 465 1492 Vertitur
484 1411 524 1490 in
541 1410 686 1508 mediis,
716 1427 753 1490 et
770 1426 850 1488 toto
860 1407 994 1490 vertice
1012 1409 1118 1520 supra
1129 1413 1197 1499 est.

295 1549 714 1658 Huncillaexcepmm,
724 1576 846 1658 neque
857 1548 960 1629 enim
968 1548 1071 1630 labor
1083 1554 1374 1662 agmineverso‚

295 1687 466 1798 Trajicit,
496 1706 535 1769 et
552 1686 658 1797 super
672 1685 764 1768 haec
775 1687 929 1767 inimico
947 1690 1096 1795 pestore
1113 1689 1237 1780 fatur:
1260 1697 1369 1811 685

294 1828 403 1912 Sinis
419 1846 469 1927 te,
497 1826 708 1935 Tyrrheno
736 1825 829 1907 feras
850 1826 985 1935 agitare
1000 1827 1164 1937 putasti?
1239 1840 1242 1845 ’
1302 1871 1305 1876 ·

294 1971 462 2053 Advenit
472 1967 540 2076 qui
556 1965 672 2047 vestra
688 1966 766 2047 dies
777 1965 1022 2048 muliebribus
1042 1972 1154 2052 armis

293 2109 422 2191 Verba
434 2107 678 2216 redmgueret
708 2134 847 2188 nomen
861 2124 987 2189 tamen
997 2107 1100 2190 haud
1112 2108 1369 2224 levepetrum
1412 2158 1415 2163 ·

292 2245 562 2335 Manibushoc
576 2245 722 2346 referes,
749 2246 825 2327 telo
843 2247 1010 2329 cecidisse
1021 2249 1216 2333 Camillae.

291 2389 465 2472 Protinus
480 2384 722 2469 Orsilochum
740 2403 779 2466 et
791 2387 924 2486 Buten,
956 2386 1033 2468 duo
1061 2391 1232 2474 maxima
1249 2394 1369 2479 Ten.
1411 2440 1417 2449 -

474 2552 583 2608 crum
1266 2537 1364 2644 69'0

291 2667 482 2777 Corpora3
512 2664 575 2745 sed
588 2665 709 2745 Buten
722 2663 915 2745 adversum
932 2665 1082 2777 cuspide
1101 2667 1182 2777 figit

292 2808 470 2889 Loricam
482 2805 700 2914 galeamque
717 2805 824 2901 inter,
860 2833 935 2912 qua
954 2807 1050 2886 colla
1065 2808 1222 2889 sedentis

290 2944 450 3042 Lucem,
487 2962 524 3025 et
546 2945 651 3026 laevo
663 2943 845 3052 dependet
863 2972 991 3053 parma
1003 2946 1165 3030 lacerto:
1266 3024 1269 3031 .

291 3083 545 3184 Orsilochum,
557 3085 700 3193 fugiens
712 3111 968 3192 magnumque
980 3086 1112 3195 agitata
1127 3115 1193 3198 per
1204 3089 1360 3191 orbem,

290 3224 421 3306 Eludit
432 3253 525 3335 gyro
537 3226 701 3323 interior,
733 3223 968 3333 sequiturque
984 3227 1210 3335 sequentem.
1262 3238 1360 3347 695

290 3367 400 3447 Tum
411 3367 571 3447 validam
581 3392 719 3473 perque
733 3392 836 3445 arma
847 3368 926 3447 viro
940 3396 1080 3476 perque
1091 3370 1165 3451 olla
1177 3371 1360 3472 securim,

290 3502 415 3585 Altior
425 3503 625 3612 insurgens,
656 3504 773 3583 oranti
793 3523 830 3584 et
850 3505 968 3586 multa
985 3510 1150 3616 precanti
1249 3582 1258 3597 .

289 3646 566 3754 Congeminat:
600 3645 730 3726 volnus
744 3645 864 3726 calido
884 3648 977 3754 rigat
993 3677 1056 3730 ora
1068 3652 1231 3733 cerebro.

287 3783 425 3866 Incidit
437 3786 539 3885 huic,
572 3784 763 3894 subitoque
779 3790 925 3896 uspedtu
941 3789 1085 3869 territus
1102 3790 1230 3890 hunt,
1255 3895 1258 3899 .

288 3922 584 4031 Apenninicolae
600 3923 860 4009 bellatorfilius
876 3929 992 4025 Auni,
1203 4033 1208 4040 η
1257 3964 1355 4046 700

288 4061 407 4147 Haud
417 4065 603 4172 Ligurum
617 4081 815 4162 extremus,
835 4064 928 4146 dum
946 4066 1072 4150 fallere
1083 4069 1157 4151 fata
1169 4072 1358 4162 sinebant.

286 4199 396 4314 Isque
416 4204 482 4286 ubi
500 4201 535 4283 se
552 4201 656 4283 nullo
665 4202 745 4312 jam
764 4203 869 4285 cursu
890 4208 1041 4292 evadere
1056 4238 1180 4319 pugna

1230 4351 1363 4453 Poffe,
