2872 5176
175 349 274 475 248
377 348 429 449 Ρ.
462 344 1055 445 Vruorrrr‘Mrrorir'e

173 550 297 654 Auru
314 548 464 635 Pelidae
480 549 643 661 pretium
660 548 729 632 nti
745 546 894 660 posoere
909 569 1070 633 curcur,
1093 600 1096 605 -
1169 572 1193 660 3
1200 572 1252 660 5⁰

171 689 291 779 Illum
310 688 479 801 Tydides
496 687 570 773 alio
587 716 657 801 pro
668 688 905 770 tatibusuufis

174 830 317 917 Affecit
330 831 468 944 pretio:
499 859 569 919 nec
585 831 690 941 equis
702 829 832 941 aspirat
849 826 1030 913 Achillis.

176 972 299 1056 Hunc
311 968 443 1084 procul
458 988 502 1051 ut
518 974 655 1084 campo
667 967 1197 1078 Turnus'eonspmitnperto.
1223 978 1226 985 '

176 1111 280 1195 Ante
297 1109 370 1192 levi
380 1107 508 1219 jaculo
519 1108 678 1219 longum
693 1135 761 1218 per
780 1106 890 1188 inane
903 1106 1066 1231 secumr,
1217 1122 1220 1129 '
1253 1144 1262 1153 ·

180 1250 281 1335 Sistit
290 1278 406 1362 equor
418 1247 573 1359 bijuges,
600 1267 639 1330 et
655 1276 766 1330 curru
785 1245 915 1346 desilit,
940 1266 1059 1360 atque
1165 1276 1188 1361 3
1197 1256 1247 1362 5'5

180 1391 401 1479 semianimi
413 1388 588 1500 lapsoque
603 1388 830 1501 supervenit3
860 1404 912 1489 et,
941 1389 1044 1501 pede
1059 1386 1190 1473 ooilo'
1218 1374 1221 1378 ⁵

180 1526 378 1640 Impreff0‚
409 1526 559 1611 dextrae
574 1556 798 1611 mucronem
816 1532 1026 1639 extorquet,
1055 1544 1098 1610 et
1115 1526 1199 1611 atu

182 1667 451 1781 Fulgentern
420 1668 716 1779 unguitjugulo,
734 1687 883 1779 atque
858 1658 951 1752 hoec
964 1666 1120 1781 insuper
1130 1668 1254 1757 'addite

185 1811 263 1911 En,
297 1824 465 1918 agrem
496 1828 612 1919 quam
624 1808 736 1908 bello,
772 1810 950 1916 Trojane,
977 1807 1170 1919 Ptfiffiss
1251 1828 1258 1855 ²

56 2020 62 2032 ,
187 1947 409 2059 Hesperiam
425 1947 560 2029 metire
567 1950 714 2056 jaoens:
744 1945 837 2029 haec
854 1948 1030 2058 proemia,
1049 1950 1123 2059 qui
1142 1972 1210 2033 me

187 2086 305 2170 Ferro
323 2081 400 2165 aufi
416 2101 568 2183 tentare,
579 2084 723 2168 serunt:
747 2086 795 2169 fic
809 2086 959 2168 moenia
971 2085 1158 2172 condunt
1167 2091 1251 2196 '361

190 2223 299 2311 Huic
307 2222 489 2309 comitem
506 2223 684 2324 Atbuten,
715 2226 881 2333 conjecta
897 2226 1060 2337 cuspide,
1087 2229 1262 2312 mittite--

192 2364 444 2476 Chloreaque,
485 2365 742 2476 Sybarimque,
788 2367 1011 2525 Daretaque,
1060 2366 1262 2451 Therfilo·

375 2529 554 2613 cumque,
711 2550 715 2559 ·
787 2526 790 2531 ·

194 2642 261 2742 Et,
291 2640 462 2723 sternacis
475 2672 563 2752 equr
550 2642 726 2753 lapsum
743 2648 897 2745 cervice,
925 2647 1190 2759 Thymoeten.

195 2787 260 2867 Ac
276 2781 389 2880 velut,
421 2785 546 2863 Edoni
557 2783 690 2865 boreae
706 2813 797 2867 cum
815 2789 959 2899 spiritus
975 2789 1050 2870 aito
1176 2798 1232 2902 36
1238 2818 1261 2903 ς

200 2925 349 3009 insonat
367 2929 529 3034 Aegaeo,
560 2926 795 3037 sequiturque
808 2931 855 3008 ad
872 2930 977 3010 litora
993 2929 1144 3029 fluctus,

201 3067 290 3172 Qa
298 3063 398 3142 venti
417 3064 628 3162 incubuere,
659 3065 792 3174 sugam
810 3069 898 3149 dant
923 3052 1050 3151 nubila
1068 3068 1204 3153 coeloe

204 3203 266 3281 sic
281 3204 427 3302 Turn0,
458 3232 680 3314 quacunque
691 3208 790 3287 viam
808 3209 913 3307 secat,
943 3209 1094 3318 agmina
1111 3210 1267 3308 cedunt,

205 3339 485 3447 Conversaeque
505 3362 616 3423 ruunt
630 3346 746 3429 acies:
778 3346 849 3427 fert
867 3349 1029 3458 impetus
1046 3347 1186 3456 ipsum,
1217 3410 1220 3415 ·

208 3479 261 3563 Et
271 3475 419 3560 erisiam
431 3479 579 3591 adverso
597 3508 706 3565 curru
725 3489 843 3594 quatit
858 3517 946 3570 aura
959 3488 1166 3571 volantem.
1179 3516 1269 3601 370

208 3617 303 3704 Non
317 3615 401 3695 tulit
411 3615 608 3701 instantem
622 3621 792 3734 Phegeus
806 3627 1010 3739 animisque
1020 3625 1271 3710 frementem:

211 3753 362 3863 Objecit
377 3748 448 3833 sese
468 3754 516 3835 ad
536 3781 702 3858 currum,
734 3779 771 3841 et
783 3763 989 3874 spumantia
1005 3765 1118 3848 frenis
1238 3816 1242 3821 ·

214 3893 293 3975 Ora
313 3891 511 3972 citatorum
528 3893 656 3977 dextra
667 3899 813 3981 detorfit
825 3931 1022 4011 equorum.

214 4031 325 4115 Dum
343 4030 497 4114 trahitur
514 4034 751 4149 pendetque
736 4043 848 4150 jugis,
877 4040 990 4126 hunc
998 4044 1070 4124 lata
1087 4033 1278 4128 retectum

217 4169 364 4256 Lancea
381 4170 626 4289 consequitur,
656 4180 873 4298 rumpitque
889 4181 1004 4273 infixa
1019 4179 1278 4295 bilicent373

1200 4322 1285 4409 Lo·
