2872 5176
279 419 379 491 aro
484 390 830 489 P.V11u1rrr
866 391 1144 487 Maronrs

277 590 428 671 Bellum
440 590 711 700 importunum,
724 592 834 693 cives,
846 611 1057 702 cumgente
1069 592 1236 679 deorum
1257 619 1356 708 305

277 730 501 840 invidiisque
521 732 605 814 viria
617 733 808 841 gerimus3
841 761 936 843 quos
949 731 1051 814 nullo
1067 731 1229 844 fatigant

276 869 432 968 Proelia,
462 898 533 951 noc
548 871 636 951 vitii
652 871 799 982 potsunt
822 873 991 954 abtistere
1005 871 1117 953 ferro.

244 1024 249 1029 ’
279 1010 409 1120 Spem,
440 1008 599 1119 srquarn
614 1010 738 1092 accitis
752 1010 935 1090 Aetolum
948 1009 1178 1099 habutffisin
1193 1007 1333 1110 armi&

280 1149 414 1233 Ponite
421 1188 436 1247 3
464 1147 546 1256 spen
557 1148 625 1229 fibi
643 1147 812 1259 quisquc.
853 1148 915 1229 sed
933 1146 1028 1230 haec
1045 1173 1163 1257 quam
1174 1145 1352 1257 augusta,

463 1288 606 1371 videtis,

209 1411 212 1416 ¹
281 1431 436 1513 caera
449 1457 525 1539 qua
539 1457 665 1510 rerum
677 1430 824 1537 jaceant
833 1427 998 1538 perculsa
1013 1428 1132 1528 ruina,
1255 1456 1352 1541 310

283 1572 386 1655 Ante
394 1569 523 1654 oculos
539 1569 710 1678 interque
729 1595 862 1648 manus
875 1565 960 1648 sunt
973 1568 1102 1648 omnia
1117 1567 1265 1651 vestroe

283 1698 371 1794 Nec
389 1736 622 1820 quemquam
638 1707 777 1789 incuso.
809 1706 930 1817 potuit
943 1734 1040 1816 quae
1051 1707 1214 1818 plurime
1229 1709 1352 1791 viru»

266 1852 382 1957 Effe,
411 1851 495 1933 fuit.
526 1867 608 1931 toto
623 1866 806 1930 comtum
823 1847 876 1928 est
892 1874 1048 1957 corporo
1059 1849 1177 1956 regni.

279 1994 403 2083 Nunc
414 1992 520 2090 adeo,
549 1989 850 2100 quattuorue
866 1988 1041 2070 sententia
1055 1989 1187 2087 nunti,

283 2133 509 2244 Exped'um,
522 2148 562 2214 et
577 2131 716 2241 prucis,
725 2129 871 2212 animos
881 2128 1066 2229 adhibete,
1081 2129 1238 2213 docebo.
1255 2157 1311 2244 31
1322 2158 1349 2246 5

281 2271 352 2355 Est
371 2273 545 2384 antiquus
555 2299 654 2381 ager,
684 2271 812 2354 Tusco
823 2269 920 2352 mihi
939 2272 1133 2382 proximus
1149 2272 1268 2373 amni,

281 2416 438 2522 Longus
454 2415 494 2493 in
507 2413 694 2512 occasum,
721 2412 813 2497 fines
831 2412 938 2522 super
957 2412 1075 2521 usque
1091 2413 1267 2513 Sicanos,

282 2554 467 2650 Aurunci,
495 2553 704 2663 Rutulique
720 2553 856 2651 serunt,
894 2570 931 2633 et
948 2579 1098 2641 vomere
1116 2553 1230 2636 durna

206 2766 209 2774 .
281 2698 467 2778 Exercent
485 2693 611 2792 collos,
642 2711 753 2803 atque
766 2692 905 2774 horum
922 2693 1126 2803 asperrima.
1136 2695 1305 2805 pascunt.

281 2835 389 2919 Haec
403 2835 525 2916 omnis
542 2835 657 2943 regio,
686 2852 725 2913 et
737 2833 821 2919 celsr
843 2834 1078 2944 plaga⁴pinea
1091 2837 1241 2936 montis,
1259 2866 1353 2949 320

283 2978 402 3057 Cedat
415 2975 597 3056 amicitiae
617 2978 868 3072 Teucrorum,
900 2993 937 3055 et
954 2974 1112 3056 foederis
1132 3005 1267 3085 acquae

284 3114 467 3194 Dicamus
483 3113 594 3222 leges,
625 3113 812 3221 sociosque
826 3114 865 3192 in
883 3140 995 3221 regna
1013 3141 1200 3197 vocemun

277 3254 491 3348 Considunt,
522 3254 550 3332 sr
568 3272 689 3333 tantus
702 3280 822 3352 amor,
848 3269 887 3332 et
907 3253 1056 3332 moenio
1075 3255 1250 3337 condant.

282 3395 348 3472 Sin
366 3393 455 3472 alios
472 3391 564 3470 fines
585 3391 771 3499 aliamque
790 3389 968 3499 capeffere
980 3411 1132 3501 gentem

280 3532 349 3614 Est
363 3534 521 3629 animus,
553 3532 774 3642 poffuntque
787 3531 864 3613 solo
878 3535 1054 3614 decedere
1074 3534 1225 3633 nostro;
1256 3567 1314 3648 3²
1322 3566 1347 3652 5

281 3675 344 3754 ers
356 3675 467 3755 denas
492 3674 586 3754 Italo
604 3693 774 3754 texamus
794 3675 926 3754 robore
947 3703 1069 3774 nanee,

281 3816 353 3895 Seu
368 3816 492 3924 plures
505 3814 694 3923 complere
709 3814 844 3900 valent.
886 3817 985 3923 jacet
1003 3817 1126 3897 omnis
1139 3816 1187 3896 ad
1203 3817 1351 3900 undam

278 3953 478 4035 Materies:
512 3954 578 4062 ipsi
599 3981 875 4062 numerumque
893 3955 1130 4065 modumque
1148 3957 1283 4037 carinis

277 4096 533 4205 Praecipiunt:
565 4121 633 4176 nos
651 4123 745 4192 aera,
776 4122 923 4195 manus,
939 4095 1093 4193 navalia,
1125 4097 1272 4179 demus.

278 4238 479 4344 Praeterea,
512 4239 577 4347 qui
592 4236 690 4319 ditia
708 4236 827 4320 ferant
840 4255 877 4320 et
895 4237 1044 4322 foedera
1056 4239 1220 4336 firment,
1253 4266 1345 4347 330

300 4396 303 4401 ’
1182 4378 1353 4460 Centum
