2872 5176
331 334 662 426 Aruernos.
709 325 824 421 Lrn.
844 328 905 421 V
1106 359 1187 459 251

110 537 217 646 Ergo
235 531 329 614 iuter
342 529 483 613 medias
495 528 567 612 sese
584 527 686 609 haud
704 527 831 636 ignara
846 531 1008 614 nocendi
1186 535 1193 544 “

109 673 284 784 Conjicit,
302 691 341 754 et
354 669 565 779 faciemque
578 669 669 750 deae
688 667 903 777 vestemque
922 672 1080 784 reponit.
1186 678 1195 749 .’

106 813 172 895 Fit
187 814 316 912 Beroe,
343 809 484 890 Ismarii
501 810 639 917 conjux
658 790 837 916 longaeva
848 811 1020 922 Dorycli,
1087 817 1174 900 620
1193 816 1200 894 T
1241 864 1252 887 .

106 951 185 1032 Cui
203 977 331 1059 genus,
351 966 388 1029 et
405 946 598 1056 quondam
625 973 778 1044 nomen,
798 951 949 1060 natique
967 951 1129 1039 fuissent.

109 1089 172 1169 Ac
193 1088 243 1168 lic
256 1085 516 1177 Dardanidum
529 1085 695 1165 mediam
708 1083 748 1164 se
756 1087 937 1170 matribus
948 1090 1082 1175 infert:

19 1320 26 1329 ⁸
109 1224 327 1320 Omiserae,
346 1254 436 1334 quas
453 1251 689 1322 mumanae,
704 1225 838 1333 inquit,
857 1225 1026 1312 Achaica
1042 1231 1145 1314 bello

113 1364 287 1446 Traxerit
302 1364 351 1444 ad
367 1364 527 1463 lethum,
545 1364 681 1474 patriae
694 1363 762 1443 sub
777 1366 997 1451 moenibus!
1019 1397 1045 1451 o
1056 1397 1149 1479 gene
1180 1372 1196 1446 ’ζ

114 1504 263 1602 Infelix,
282 1503 344 1584 eui
361 1519 399 1611 te
415 1504 529 1585 exitio
546 1503 698 1584 fortuna
716 1502 877 1584 reservat·
890 1509 922 1586 ἓ·
986 1516 989 1522 ’
1087 1513 1142 1593 ⁶2
1151 1538 1190 1623 5¹

110 1643 278 1754 Septima
294 1641 377 1753 post
391 1641 529 1749 Trojae
545 1639 737 1722 excidium
754 1641 838 1748 jam
855 1644 1006 1725 vertitur
1025 1645 1162 1745 aestac3

111 1782 219 1864 Cum
232 1779 337 1879 freta,
355 1809 448 1863 cum
464 1800 575 1862 terras
600 1806 743 1878 omnes,
762 1797 818 1860 tot
835 1778 1019 1892 inhospita
1037 1783 1135 1884 saxa,
1191 1792 1196 1799 '

116 1922 330 2034 Sideraque,
381 1922 562 2037 emensae
599 1921 781 2006 ferimur:
830 1923 926 2027 dum
973 1950 1042 2035 per
1079 1928 1196 2011 rna‘te'··.

139 2096 142 2103 ·
201 2070 205 2077 '
299 2089 486 2172 magnum
562 2124 566 2129 .
1109 2072 1115 2082 '
1175 2072 1183 2083 '

114 2201 262 2283 Italiam
281 2200 472 2309 sequimur
491 2199 712 2307 fugientem,
735 2221 772 2282 et
788 2202 976 2283 volvimur
1001 2207 1123 2289 undis.
1187 2208 1201 2283 .’.

116 2339 196 2420 Hic
213 2338 345 2446 Erycis
364 2337 456 2416 fines
472 2336 634 2433 fraterni,
642 2355 753 2445 atque
764 2335 896 2447 hospes
912 2339 1076 2427 Acestes‘.
1094 2352 1200 2456 6301·

112 2478 218 2579 Quid
236 2474 411 2588 prohibet
421 2503 548 2558 muros
554 2477 689 2584 jacere,
708 2495 745 2559 et
763 2477 850 2560 dare
870 2480 1013 2564 civibus
1024 2485 1199 2569 urbemi'

116 2618 154 2698 Ο
171 2616 299 2727 patria,
317 2634 354 2696 et
370 2617 464 2726 rapti
479 2615 730 2725 nequicquam
749 2643 798 2697 ex
817 2615 922 2699 hoste
935 2621 1102 2720 Penates,
1185 2628 1198 2703 .’

118 2752 283 2836 Nullane
297 2757 378 2862 jam
391 2757 526 2862 Trojae
540 2755 707 2836 dicentur
721 2759 893 2838 moenia?
923 2759 1109 2868 nusquam
1188 2788 1199 2829 .’·

114 2894 321 2975 Henoreos
337 2921 478 2989 amnes,
499 2891 697 2972 Xanthum
710 2910 748 2972 et
767 2894 968 2990 Simoenta,
991 2897 1154 2981 videbo?
1191 2906 1200 2948 ·'

113 3032 219 3138 Qin
232 3033 342 3140 agite,
362 3048 565 3112 etmecum
579 3029 752 3110 infaustas
770 3030 912 3110 exurite
929 3059 1082 3143 puppes.
1095 3041 1201 3148 635·Ι

116 3170 223 3254 Nam
238 3169 336 3250 mihi
353 3170 569 3252 Cassandrae
586 3195 652 3277 per
664 3169 839 3250 somnum
852 3170 944 3251 vatis
956 3171 1083 3282 imag'o
1183 3253 1186 3257 .

117 3308 302 3391 Ardentes
318 3310 404 3392 dare
421 3309 494 3389 visa
511 3309 620 3390 faces.
639 3305 702 3386 hic
720 3307 883 3415 quaerite
896 3310 1078 3417 Trojam:
1144 3348 1147 3353 ·
1195 3392 1198 3399 ,

114 3446 193 3537 Hic
211 3447 347 3528 domus
365 3447 432 3544 est,
451 3446 585 3555 inquit,
604 3445 732 3525 vobis:
759 3446 840 3549 jam
851 3462 1000 3555 tempus
1016 3450 1093 3558 agit
1104 3476 1160 3531 res
1172 3466 1193 3527 ε·

113 3588 201 3669 Nec
217 3587 327 3668 tantis
345 3614 452 3701 mora
471 3583 657 3694 prodigiis.
690 3611 738 3664 en
758 3601 916 3690 quatuor
932 3614 1015 3668 arae
1119 3605 1122 3611 '
1193 3604 1198 3671 ζ

116 3727 312 3837 Neptuno
328 3724 419 3805 deus
436 3724 511 3833 ipse
521 3723 621 3804 faces
634 3721 879 3829 animumque
897 3723 1199 3831 ministrat.64oss

115 3867 223 3949 Haec
244 3892 468 3963 memorans,
487 3865 608 3974 prima
627 3860 813 3941 infensum
823 3861 861 3941 vi
877 3863 1029 3970 corripit
1044 3864 1186 3974 ignem,
1213 3902 1216 3907 ’

116 4005 341 4114 sublataque
357 4002 488 4114 procul
509 4005 637 4084 dextra
655 3999 817 4081 connixa
827 4000 1004 4098 comscat,
1191 4054 1197 4081 2

115 4149 168 4236 Et
181 4146 295 4258 jacite·
315 4145 473 4226 arrettae
490 4158 646 4240 mentes,
677 4138 954 4263 stupefattaque
969 4140 1087 4225 'corda
1124 4160 1129 4169 ·

117 4296 119 4301 ’
1010 4277 1186 4358 Iliadum·
