2872 5176
331 356 442 482 “15⁶
546 354 599 459 Ρ.
636 353 899 450 Vrno'rnrr
934 342 1276 495 Mnno‘nreae

201 583 204 589 ’
337 561 621 671 Ascaniumque
639 558 744 670 petita
776 557 943 640 formam
958 575 1044 640 tum
1061 558 1216 640 vertitur
1232 561 1309 644 oris
1406 560 1418 581 ’

337 704 557 815 Antiquum
573 701 613 783 in
627 703 761 784 Buten.
794 697 859 778 hic
876 700 1068 781 Dardanio
1086 699 1277 784 Anchisae
1413 703 1416 709 ’

338 848 520 956 Armiger
537 864 623 927 ante
640 844 725 943 fnit,
757 841 925 952 fidusque
939 843 989 923 ad
1003 842 1135 924 limina
1144 844 1290 929 custos:
1412 843 1418 860 '

338 991 450 1074 Tum
471 988 653 1071 comitem
667 985 829 1067 Ascanio
846 1002 949 1096 pater
967 985 1121 1067 addidit.
1153 986 1231 1067 ibat
1247 985 1411 1106 Apollo-

338 1130 484 1213 Omnia
500 1127 682 1237 longaevo
694 1125 836 1224 srmilis,
849 1153 1072 1234 vocemque,
1090 1126 1350 1240 coloremque,
1412 1154 1417 1163 ·

280 1366 285 1386 ,
338 1272 395 1356 Et
411 1273 529 1354 crines
546 1269 663 1367 albos,
694 1285 732 1348 et
751 1268 855 1349 saeva
865 1268 1060 1349 sonoribus
1077 1296 1208 1352 arma:
1320 1275 1416 1384 651·

241 1421 249 1435 '
340 1416 473 1523 Atque
486 1411 545 1492 his
556 1410 748 1492 ardentem
756 1408 869 1489 dietis
880 1407 1013 1488 affatur
1031 1406 1185 1501 liilum:
1313 1408 1317 1417 '

284 1636 288 1647 ,
341 1553 399 1636 Sit
415 1553 512 1653 satis,
543 1551 727 1649 Aeneide,
756 1549 839 1630 telis
853 1550 1010 1658 impune
1026 1549 1258 1630 Numanum
1291 1586 1293 1590 ·

341 1687 548 1804 Oppetiiffe
560 1688 652 1769 tuis:
686 1688 850 1798 primam
865 1684 964 1766 hanc
976 1683 1045 1763 tibi
1062 1710 1222 1792 magnus
1239 1685 1388 1797 Apollo

339 1828 528 1937 Concedit
538 1826 703 1924 laudern,
734 1843 773 1907 et
785 1824 934 1937 paribus
945 1850 1023 1904 non
1034 1823 1175 1905 invidet
1184 1826 1309 1908 armis.
1324 1831 1350 1911 6
1358 1854 1382 1939 5
1390 1848 1418 1940 ’ς

340 1968 498 2053 Caetera
517 1990 640 2075 parce,
669 1991 775 2075 puer,
795 1963 919 2045 bello.
952 1963 1003 2043 fic
1019 1962 1121 2043 orsus
1139 1965 1295 2076 Apollo,
1358 2068 1360 2072 q

338 2103 528 2213 Mortales
537 2104 667 2186 medio
682 2106 848 2215 aspectus
859 2104 1026 2186 sermone
1037 2105 1200 2214 reliquit,

341 2250 397 2331 Et
414 2244 598 2360 proculin
617 2264 771 2329 tenuem
788 2275 837 2327 ex
850 2245 967 2328 oculis
978 2247 1128 2327 evanuit
1141 2275 1284 2331 auram.

323 2431 328 2441 ·
343 2390 546 2497 Agnovere
559 2389 676 2471 deum
690 2417 858 2500 proceres
873 2388 1073 2498 divinaque
1090 2389 1164 2470 tela
1266 2421 1273 2431 ¹
1325 2392 1351 2473 6
1359 2422 1418 2501 59

342 2529 594 2629 Dardanidae,
626 2528 915 2639 pharetramque
928 2530 1018 2639 fuga
1038 2530 1175 2612 sensere
1188 2528 1398 2617 sonantem.

327 2669 449 2778 ,Ergo
460 2669 614 2751 avidum
625 2697 783 2779 pugnae,
816 2670 923 2750 dietis
941 2699 984 2751 ac
997 2672 1154 2752 numine
1164 2668 1323 2767 Phoebi,

344 2809 790 2921 Ascaniumprohibent:
821 2811 938 2920 ips1in
952 2813 1155 2921 certamina
1173 2811 1294 2892 rursus

345 2955 572 3057 Succedunt,
606 2954 820 3062 animasque
839 2954 877 3032 in
897 2972 1020 3062 aperta
1039 2953 1201 3063 pericula
1217 2952 1385 3034 mittunt.

344 3096 382 3175 It
401 3093 545 3175 clamor
562 3093 724 3202 tntisper
739 3092 1017 3202 propugnacula
1031 3093 1159 3172 muris.

345 3234 554 3316 Intendnnt
569 3260 800 3330 acresarcu5‚
832 3253 1055 3343 amentaque
1069 3250 1254 3341 torquent.
1327 3234 1382 3315 66
1393 3262 1419 3346 5

177 3434 180 3442 .
347 3374 527 3453 Sternitur
538 3400 652 3452 omne
667 3372 790 3450 solum
802 3372 907 3453 telis:
940 3393 1025 3452 tum
1045 3373 1145 3452 scuta
1157 3399 1342 3481 cavaeque

345 3515 452 3595 Dant
464 3510 627 3591 sonitum
639 3510 780 3590 afflie‘iu
791 3510 935 3620 galeae:
956 3539 1082 3620 pugna
1093 3512 1218 3622 aspera
1229 3511 1355 3619 surgit.

345 3653 521 3757 Qantus
538 3650 585 3730 ab
598 3649 728 3731 occasu
747 3651 895 3730 veniens
911 3651 1135 3763 pluvialibus
1150 3649 1281 3731 hoedis

276 3866 279 3874 .
345 3770 528 3875 Verberat
561 3793 683 3873 imber
712 3792 901 3874 humum:
953 3823 1068 3903 quam
1093 3793 1214 3874 multa
1236 3791 1420 3902 grandine

529 3935 651 4016 nimbi
1326 3937 1418 4044 669

208 4087 212 4095 '
346 4076 394 4157 ln
405 4073 497 4155 vada
516 4077 768 4186 praecipitant,
801 4107 893 4159 curn
907 4077 1052 4187 Jupiter
1067 4076 1239 4158 horridus
1257 4075 1387 4157 austris

346 4215 520 4328 Torquet
545 4218 723 4327 aquosam
751 4216 946 4328 hyemem,
976 4237 1014 4317 ct
1042 4217 1151 4303 coelo
1179 4243 1270 4299 cava
1288 4213 1421 4298 nubila

371 4405 374 4411 ·
452 4426 460 4441 .
526 4359 682 4480 rumpit,
844 4334 846 4338 ¹
1213 4356 1420 4476 l²a11datus,
