2872 5176
283 362 349 456 14
468 326 1147 471 P.'V1ao1a11Manou1s

280 534 401 617 Fusus
419 533 585 615 humum
601 530 808 640 viridesque
825 531 932 640 super
946 529 1195 615 madefecerat
1206 530 1356 622 herbar.

212 680 222 709 '
283 672 528 781 Hicjuvenis,
552 673 634 780 jam
650 673 769 752 vietor
782 697 907 767 ovans,
935 669 1085 778 vestigia
1103 670 1222 782 preffo

284 810 404 892 Haud
421 812 540 892 tenuit
557 811 712 891 titubata
727 808 805 889 solo
821 847 833 905 ς
865 807 927 888 sed
943 835 1080 916 pronus
1101 811 1233 922 inipso
1370 824 1376 833 '

287 950 466 1037 Concidit
485 952 762 1060 immundoque
775 949 871 1029 fimo
890 948 1065 1058 sacroque
1082 978 1227 1036 cruore.

284 1094 381 1175 Non
394 1111 520 1175 tamen
533 1090 699 1201 Euryali,
728 1118 806 1171 non
824 1088 886 1171 ille
902 1089 1038 1172 oblitus
1059 1121 1254 1176 amorumr

127 1292 131 1299 .
284 1233 394 1314 Nam
407 1232 479 1313 sese
495 1229 667 1341 opposuit
684 1227 794 1326 Salio,
823 1256 889 1338 per
906 1228 1048 1311 lubrica
1059 1230 1232 1343 surgens:
1263 1258 1317 1343 33
1328 1259 1350 1341 5

211 1470 214 1475 ¹
284 1368 357 1453 Ille
371 1389 498 1453 autem
511 1369 615 1480 spilla
626 1369 743 1477 jacuit
759 1368 945 1448 revolutus
957 1397 1078 1454 arena.

287 1511 441 1623 Emicat
457 1509 653 1619 Euryalus,
683 1527 721 1589 et
741 1536 896 1590 munere
914 1508 1030 1588 victor
1048 1510 1160 1590 amici

287 1650 418 1732 Prima
436 1669 548 1746 tenet,
576 1650 781 1759 plausuque
795 1648 893 1728 volat
905 1648 1132 1759 fremituque
1145 1650 1322 1735 secundo.

285 1788 379 1871 Post
391 1789 580 1897 Helymus
597 1789 706 1888 subit,
737 1804 775 1867 et
793 1814 893 1867 nunc
905 1789 1008 1866 tertia
1019 1789 1145 1896 palma
1160 1791 1307 1875 Diores.

287 1923 372 2008 Hic
389 1943 513 2007 totum
527 1924 875 2006 caveaeconseffum
888 1925 1058 2032 ingentis,
1089 1946 1127 2007 et
1137 1958 1201 2010 ora
1265 1956 1356 2039 340

288 2064 419 2157 Prima
436 2083 599 2180 patrum,
633 2066 778 2176 magnis
793 2064 909 2144 Salius
926 2064 1150 2147 clamoribus
1167 2068 1300 2178 implet
1309 2106 1324 2165 ς

265 2204 550 2316 ,Ετορῑιιωῳιε
564 2205 653 2287 dolo
671 2205 776 2286 reddi
794 2203 862 2283 fibi
879 2203 996 2311 poscit
1015 2203 1214 2291 honorem.

289 2345 455 2429 Tutatur
473 2347 577 2428 favor
594 2347 816 2456 Euryalum,
847 2344 1107 2457 lacrymaeque
1125 2348 1293 2449 decorae,
1341 2426 1349 2439 ,

288 2486 441 2569 Gratior
457 2506 494 2570 et
507 2485 666 2598 pulchro
678 2488 829 2568 veniens
841 2486 882 2566 in
897 2515 1051 2598 corpore
1066 2489 1188 2574 virtus.

288 2629 469 2739 Adjuvat,
500 2633 541 2711 dc
558 2656 695 2737 magna
711 2627 918 2737 proclamat
934 2656 1040 2729 voce,
1075 2633 1221 2734 Diores,
1268 2664 1357 2750 345

289 2771 372 2869 Qui
390 2771 500 2853 subiit
515 2768 676 2881 palmae,
705 2767 915 2879 frustraque
933 2771 979 2850 ad
1000 2776 1163 2881 praemia
1185 2777 1284 2860 venit

289 2911 450 3010 Ultima,
479 2912 507 2991 fi
525 2912 638 3020 primi
657 2910 754 2990 Salio
766 2910 971 2991 redduntur
988 2911 1161 2997 honores.

288 3052 401 3139 Tum
418 3067 521 3163 pater
539 3053 709 3131 Aeneas:
728 3050 869 3147 ¹vestra,
889 3051 1023 3159 inquit,
1042 3080 1198 3137 munera
1215 3056 1324 3138 vobis

290 3192 403 3270 Certa
416 3206 581 3288 manent,
591 3189 711 3299 pueri,
720 3207 756 3269 et
768 3189 936 3298 palmam
948 3211 1075 3272 movet
1088 3196 1217 3279 ordine
1228 3185 1368 3283 nemo²

290 3329 364 3412 Me
379 3329 487 3410 liceat
497 3329 599 3409 casus
614 3328 775 3408 miserari
793 3329 943 3410 insontis
956 3333 1081 3413 amici.
1268 3369 1289 3452 3
1301 3371 1359 3454 50

292 3467 354 3555 Sic
367 3469 477 3564 fatus,
507 3485 656 3576 tergum
676 3468 827 3549 Gaetuli
841 3471 1007 3550 immane
1019 3469 1135 3554 leonis

173 3692 179 3702 ,
290 3611 372 3707 Dat
387 3607 495 3705 Salio,
523 3606 618 3688 villis
632 3609 830 3690 onerosum
843 3630 953 3719 atque
968 3614 1155 3720 unguibus
1166 3617 1298 3704 aureis.

292 3750 371 3830 Hic
389 3749 523 3832 Nisus:
556 3746 583 3827 fi
603 3765 715 3849 tanta,
737 3750 869 3859 inquit,
901 3750 984 3831 sunt
996 3756 1160 3860 praemia
1179 3757 1298 3861 vistis,

292 3891 346 3986 Et
363 3908 400 3970 te
417 3888 605 3997 lapsorum
628 3888 773 3981 miseret
779 3931 792 3988 ;
825 3919 921 4000 quae
937 3921 1094 3975 munera
1110 3896 1207 3978 Niso
1270 3930 1361 4016 354

294 4029 423 4135 Digna
441 4026 566 4109 dabis?
598 4028 761 4137 primam
781 4032 902 4112 merui
914 4035 980 4141 qui
998 4033 1106 4117 laude
1123 4034 1332 4146 coronam,

295 4167 354 4271 Ni
366 4193 443 4285 ma
474 4195 570 4295 que
583 4166 738 4277 aarum,
768 4171 916 4263 fortuna
928 4174 1081 4296 iamim
1090 4175 1236 4275 aliine

1304 4328 1361 4427 Et
