2872 5176
301 378 399 506 176
475 376 837 472 lerneam
874 378 1159 511 Minonis

293 581 421 680 Irrita3
453 576 606 662 deflexit
617 577 755 690 partim
771 577 986 691 slringmtia
1000 612 1138 699 corpus

292 722 412 805 Alma
427 721 571 806 Venus.
601 719 725 802 lidum
741 720 889 804 Aeneas
905 721 1039 807 affatur
1051 728 1258 822 Achaten:
1316 732 1319 737 ’

292 868 458 977 suggere
471 862 544 946 tela
560 860 671 962 mihi,
703 890 781 945 non
799 863 923 948 ullum
936 866 1088 953 dextera
1104 873 1246 961 fruſtra

290 1006 459 1093 Torserit
475 1007 516 1089 in
530 1005 705 1103 Rutulos,
725 1003 903 1088 steterunt
917 1034 1014 1119 quae
1032 1010 1072 1093 in
1089 1042 1253 1128 corpore
1266 1023 1380 1109 Gra.

469 1172 557 1257 lum
883 1166 886 1173 ¹

289 1284 413 1369 Iliacis
429 1282 586 1394 campis.
615 1299 701 1363 tum
719 1281 1062 1394 magnamcorripit
1078 1283 1242 1395 hastam,
1277 1326 1303 1411 3
1313 1329 1337 1415 3
1347 1326 1373 1415 5

289 1427 454 1538 Etjacit.
484 1424 550 1507 illa
565 1423 693 1507 volans
709 1422 833 1534 clypei
853 1423 1214 1519 transverberatam

288 1570 478 1665 Maeonis,
506 1584 545 1649 et
558 1564 709 1648 thoraca
726 1564 836 1647 fimul
856 1592 948 1646 cum
965 1572 1116 1676 pectore
1132 1579 1294 1689 rumpit.

270 1708 396 1793 -Huic
406 1700 518 1790 frater
527 1706 625 1790 subit
642 1705 820 1804 Alcanor,
849 1704 1078 1817 fratremque
1093 1732 1270 1802 ruentem

287 1849 473 1933 sustentat
488 1848 637 1930 dextra:
668 1847 819 1954 trajecto
832 1844 939 1925 missa
956 1845 1094 1932 lacerto
1270 1888 1294 1973 3
1304 1890 1366 1976 39

284 1986 698 2096 Protinushastafugit,
728 1987 917 2099 servatque
931 2006 1083 2074 omenta
1099 2010 1271 2081 tenooem
1282 2042 1297 2101 3

285 2130 527 2239 Dexteraque
543 2148 592 2210 ex
610 2125 772 2209 humero
786 2131 906 2210 nervis
922 2131 1148 2218 moribunda
1166 2132 1364 2251 pependit.

285 2270 397 2354 Tum
409 2269 606 2367 Numitor,
628 2267 753 2376 jaculo
770 2266 890 2349 fratris
908 2268 957 2351 de
974 2296 1129 2383 corpore
1140 2294 1262 2390 rapto,

285 2412 443 2493 Aenean
454 2410 580 2521 petiit:
608 2409 669 2490 sed
686 2438 765 2492 non
777 2425 816 2490 et
828 2407 942 2519 figere
962 2430 1091 2494 contra

284 2552 355 2632 Est
374 2551 534 2650 licitum,
572 2551 775 2663 magnique
794 2549 920 2634 femur
936 2552 1149 2663 perstrinxit
1168 2556 1359 2649 Achatae.

287 2692 367 2774 Hic
379 2693 554 2789 Curibus,
574 2691 693 2772 sidens
707 2691 896 2801 primaevo
910 2720 1078 2803 corpore,
1093 2694 1251 2779 Clausus
1266 2729 1356 2817 345

282 2832 461 2932 Advenit,
492 2850 529 2914 et
541 2831 658 2942 rigida
672 2834 853 2942 Dryopen
866 2830 950 2914 ferit
965 2829 1114 2917 eminus
1127 2835 1233 2919 hasta

282 2976 361 3056 Sub
381 2992 553 3056 mentum
564 2975 722 3082 graviter
732 2973 859 3083 prelia,
882 2973 1090 3084 pariterque
1102 2975 1292 3087 loquentis
1316 3009 1319 3015 ·
1382 2951 1385 2957 Ι

281 3116 431 3197 Vocem
449 3115 691 3222 animamque
718 3115 813 3224 rapit
826 3115 977 3223 trajetto
989 3133 1161 3222 gutturet
1187 3118 1304 3201 atille

280 3257 420 3336 Fronte
435 3256 520 3338 ferit
536 3274 684 3354 terram,
717 3273 755 3336 et
775 3255 935 3336 crassum
949 3257 1069 3337 vomit
1082 3285 1145 3338 ore
1160 3287 1352 3346 umorem.

115 3452 117 3456 .
280 3395 378 3476 Tres
391 3424 544 3506 quoque
556 3394 770 3497 Threicios,
795 3397 927 3477 boreae
943 3396 1114 3507 degente
1131 3399 1321 3509 suprema,

280 3537 334 3617 Et
346 3554 430 3636 tres,
440 3564 535 3646 quos
549 3538 632 3618 Idas
648 3554 762 3646 pater,
771 3555 809 3618 et
823 3536 941 3648 patria
960 3537 1110 3638 Ismara,
1119 3540 1248 3638 mittit,
1260 3570 1282 3653 3
1293 3569 1347 3654 51
1366 3574 1369 3579 ’

279 3680 352 3762 Per
364 3680 483 3763 varios
500 3679 627 3760 sternit
638 3680 752 3764 casus.
780 3680 943 3762 occurrit
960 3679 1130 3778 Halesus,
1191 3668 1197 3679 ⁹
1366 3710 1377 3725 ·

278 3822 557 3930 Auruncaeque
575 3847 708 3903 manus
717 3860 731 3919 ς
758 3819 855 3901 subit
868 3839 906 3902 et
922 3818 1116 3929 Neptunia
1127 3818 1264 3931 proles,

278 3961 435 4070 infignis
452 3958 642 4070 Messapus
655 3962 771 4071 equis.
802 3958 987 4073 expellere
1004 3960 1163 4043 tendunt

277 4103 396 4184 Nunc
408 4100 462 4202 hi,
500 4129 600 4183 nunc
614 4100 691 4183 illi:
723 4119 880 4183 certatur
894 4101 1025 4183 limine
1044 4101 1083 4182 in
1101 4102 1180 4214 ipso
1254 4135 1278 4218 3
1288 4131 1357 4220 55,

278 4243 477 4330 Ausoniae.
507 4269 647 4353 magno
662 4240 843 4326 discordes
862 4240 1008 4328 aethere
1027 4246 1129 4327 venti

1200 4385 1352 4471 Praelia
