2872 5176
336 309 659 409 Aruuroos
697 304 808 405 Lru
854 308 938 405 lX.
1056 345 1176 445 159,

77 516 251 635 Obnixus
264 509 344 595 latis
359 505 541 605 humeris,
550 504 763 623 multosque
774 506 940 612 suorum,
1062 546 1151 635 725

75 654 283 741 Moenibus
293 648 464 739 exclusos
479 648 574 733 duro
595 648 635 731 in
649 650 852 734 certamine
871 651 1035 767 linquit:

78 798 151 881 Ast
170 795 262 879 alios
280 792 408 883 secum
426 788 598 886 includit,
630 790 838 905 recipitque
855 815 1018 903 ruentes,

76 938 268 1027 Demens!
291 935 358 1054 qui
371 930 564 1021 Rutulum
576 932 618 1013 in
630 932 758 1017 medio
771 961 849 1016 non
860 939 1013 1047 agmine
1024 967 1156 1057 regem

78 1080 226 1163 Viderit
237 1078 523 1189 irrumpentem,
554 1073 729 1185 utroque
747 1074 933 1160 incluserit
951 1080 1060 1168 urbi:

78 1221 297 1301 Immanem
314 1214 432 1297 veluti
447 1241 583 1325 pecora
601 1212 696 1295 inter
712 1214 841 1297 inertia
858 1216 999 1328 tigrim.
1062 1251 1155 1341 730

75 1361 272 1451 Continuo,
290 1385 388 1440 nova
402 1354 470 1439 lux
489 1355 607 1439 oculis
622 1353 771 1454 effulsit,
811 1375 849 1441 et
863 1387 968 1443 arma

77 1500 327 1584 Horrendunr
345 1496 522 1613 sonuere:
555 1512 722 1576 tremunt
742 1496 783 1577 in
799 1500 935 1583 vertice
947 1502 1078 1589 cristae

79 1641 324 1750 sanguineae,
350 1635 563 1751 clypeoque
580 1635 758 1717 micantia
775 1636 926 1748 fulgura
942 1644 1072 1726 mittit.

78 1779 300 1892 Agnoscunt
313 1776 451 1859 faciem
463 1775 632 1875 invisam,
655 1795 767 1887 atque
781 1777 963 1863 immania
979 1783 1157 1871 membra

80 1919 244 2003 Turbati
253 1918 378 2009 subito
389 1917 601 2001 Aeneadae.
622 1936 707 1997 turn
720 1917 911 2003 Pandarus
923 1922 1118 2042 ingennqg
1127 1949 1150 2039 ς

77 2063 245 2171 Emicat„
272 2078 324 2165 et,
356 2060 487 2141 mortis
508 2058 688 2143 fraternae
705 2058 870 2143 fervidus
888 2063 955 2168 ira,

78 2201 246 2285 Effatur:
286 2229 364 2287 nnn
383 2199 477 2285 haec
495 2199 627 2281 dotalis
643 2200 745 2313 regia
762 2203 937 2303 Amatae,

77 2342 167 2425 Nee
187 2339 305 2421 muris
322 2334 476 2420 cohibet
491 2338 617 2449 patriis
636 2338 764 2419 media
779 2341 906 2424 Ardea
925 2343 1120 2433 Turnum.

78 2482 207 2598 Castra
219 2480 373 2565 inimica
393 2478 517 2562 vides:
546 2478 652 2561 nulla
668 2478 759 2563 hinc
778 2482 880 2567 exire
897 2484 1073 2597 potestas.
1191 2590 1194 2595 ἢ

79 2624 163 2707 Olli
178 2621 369 2711 subridens
386 2621 511 2705 sedato
530 2624 681 2733 pectore
704 2623 885 2708 Turnus:
970 2659 972 2664 ·
1060 2653 1157 2744 7401

80 2761 223 2878 Incipe,
256 2763 374 2870 fiqua
390 2762 521 2843 animo
532 2763 659 2860 virtus,
691 2782 729 2844 et
746 2764 1105 2853 conseredextram:

80 2907 160 2989 Hic
178 2904 293 2987 etiam
311 2904 508 2984 inventum
520 2904 672 2985 Priamo
690 2905 852 2986 narrabis
865 2907 1093 2998 Achillem*

79 3048 251 3131 Dixerat.
282 3042 346 3125 ille
363 3043 499 3125 rudem
520 3043 628 3126 nodis
644 3060 683 3125 ct
698 3045 836 3126 cortice
849 3047 974 3130 crudo.

82 3182 290 3298 Intorque't‚
318 3184 475 3266 summis
489 3183 647 3266 adnixus
665 3184 817 3290 viribus,
848 3184 1008 3273 hastam.
1093 3256 1095 3260 Α

79 3329 274 3438 Excepere
287 3353 397 3407 aurae
410 3322 564 3407 vulnus:
596 3325 765 3407 Saturnia
774 3328 878 3435 Juno
1060 3353 1152 3445 745

78 3470 244 3552 Detorsrt
263 3468 426 3567 veniens,
457 3487 661 3579 portaeque
677 3468 846 3580 infigitur
862 3467 984 3557 hasta.

80 3612 136 3689 At
153 3640 232 3693 non
248 3608 324 3692 hoc
339 3609 472 3710 telum,
505 3637 592 3692 mea
609 3610 716 3720 quod
735 3612 772 3691 vi
793 3612 946 3695 dextera
959 3609 1092 3711 versat.

78 3746 248 3858 Effugiet
257 3789 269 3847 3
301 3777 424 3858 neque
438 3750 542 3831 enim
554 3750 584 3831 is
596 3749 660 3831 teli
677 3779 747 3832 nec
762 3751 923 3835 vulneris
933 3754 1075 3836 auctor.

80 3886 140 3967 Sic
154 3886 217 3983 ait,
248 3905 286 3968 et
297 3887 486 3970 sublatum
503 3887 575 3973 alte
593 3890 780 4000 consurgit
791 3892 832 3975 in
847 3892 988 3993 ensem,

78 4028 131 4107 Et
147 4026 313 4109 mediam
327 4027 425 4109 ferro
437 4031 588 4140 gemina
598 4031 690 4115 inter
702 4050 872 4145 tempora
885 4034 1085 4151 frontemy
1093 4060 1151 4151 50

78 4168 238 4285 Dividit,
267 4168 514 4284 impubesque
533 4172 695 4262 immani
708 4174 861 4261 vulnere
882 4173 1011 4265 malet.

1089 4312 1155 4399 Fit
