2872 5176
189 347 255 477 ξύ
374 344 1053 467 RyncnnMrronn'„

184 552 289 672 Nate
307 553 389 654 dea,
408 552 437 633 fi
453 578 569 634 nemo
582 552 694 633 audet
710 550 747 631 se
762 553 910 635 credere
927 584 1086 666 pugnae,
1146 546 1189 649 ,’
1245 546 1272 561 ”

184 698 297 806 Qae
316 688 401 777 finis
418 690 565 776 standi?
598 722 676 804 quo
694 721 758 775 mc
772 695 880 776 decet
896 696 1012 806 usque
1030 704 1177 791 teneri?
1265 690 1272 709 '

54 840 59 848 ’
185 837 338 918 Ducere
355 836 454 919 dona
467 836 573 944 jube.
591 835 717 915 cunni
738 834 849 916 fimul
860 865 924 918 ore
941 837 1152 927 fremebant
1169 828 1270 960 '3853

183 965 435 1078 Dardanidae,
451 974 630 1084 reddique
649 975 730 1055 viro
751 974 926 1085 promissa
936 964 1132 1085 jubebant.
1196 1062 1200 1067 ,
1263 1002 1270 1043 e

183 1115 267 1200 Hie
282 1108 402 1227 grans
418 1113 615 1198 Euenum
630 1114 738 1195 airus
756 1114 908 1225 castigat
925 1094 1091 1218 neena,
1261 1092 1305 1181 .'

181 1253 383 1375 Proximqs
399 1274 443 1336 ut
457 1254 636 1354 viridante
649 1271 731 1335 toro
748 1254 960 1338 consederat
975 1258 1134 1345 herbae:

179 1388 345 1493 Eirene,
357 1390 519 1476 heroum
537 1393 729 1504 quondam
746 1392 940 1476 fortiffime
959 1396 1108 1499 frustra,
1252 1384 1268 1461 Ϊῖ

180 1531 355 1615 Tantane
368 1532 606 1644 tani-patiens
623 1530 728 1612 nullo
746 1533 948 1614 certamine
970 1533 1052 1615 tolli
1163 1564 1264 1652 39⁰*

182 1671 302 1777 Dona
315 1672 436 1754 fines?
468 1671 534 1752 ubi
550 1699 652 1753 nunc
669 1670 776 1751 nobis
799 1671 890 1753 deus
907 1671 982 1771 ille,
1003 1673 1177 1783 magister
1255 1718 1269 1741 ·-

180 1809 453 1921 Nequicquam
461 1827 689 1890 memoratus
697 1809 824 1915 Eryx?
838 1808 903 1887 ubi
915 1807 1017 1893 fama
1024 1839 1257 1921 peromnem

180 1951 434 2050 Trinacriam,
453 1970 490 2031 et
500 1948 614 2059 spolia
627 1948 689 2028 illa
702 1949 775 2028 tuis
793 1948 991 2056 pendentia
1003 1953 1139 2036 tectis?
1259 2012 1262 2017 ,

179 2089 252 2172 Ille
272 2090 342 2173 sub
357 2089 474 2172 haec:
505 2117 583 2170 non
603 2087 722 2168 laudis
738 2114 856 2186 amor,
872 2116 941 2170 nec
953 2089 1071 2198 gioria
1087 2093 1191 2177 cessit
1254 2080 1265 2160 ἶ

179 2230 404 2327 Ptdsametu
416 2271 428 2330 ς
458 2229 632 2312 sedenim
645 2226 801 2338 gelidus,
812 2229 1150 2335 tardante'seneetn,
1164 2254 1260 2349 395t

179 2372 337 2483 Sanguis
352 2372 478 2472 hebet,
497 2373 708 2482 frigentque
725 2368 881 2452 effoetae
896 2371 935 2451 in
951 2400 1107 2484 corpore
1123 2376 1231 2461 vires.
1250 2378 1259 2436 ἱ

179 2510 221 2598 Si
241 2509 351 2610 mihi,
375 2514 470 2622 quae
496 2484 691 2621 quondar‘n
709 2508 843 2609 fuerat,
874 2537 1025 2622 quaque
1052 2513 1256 2627 improbus

1 2898 4 2905 Ι
121 2785 351 2877 'Exsultat
375 2791 506 2894 fidens,
528 2794 673 2877 srnunc
700 2793 796 2876 foret
812 2793 876 2876 illa
896 2795 1074 2905 juventa:
1249 2784 1255 2795 ’

177 2933 296 3016 Haud
306 2936 487 3045 equidem
504 2937 622 3048 pretio
638 2936 812 3017 inductus
824 2933 1059 3048 pulchroque
1072 2927 1249 3046 juvenco¹
1282 2932 1286 2937 ’

175 3071 391 3159 venissem:
409 3104 481 3157 nec
496 3077 595 3157 dona
605 3102 742 3161 moror.
765 3076 814 3155 src
829 3073 963 3156 deinde
977 3076 1137 3176 locutus,
1150 3099 1247 3184 '400

177 3209 226 3293 ln
243 3212 414 3296 medium
434 3214 608 3324 geminos
620 3213 778 3295 immani
798 3214 961 3325 pondere
981 3214 1122 3296 caestus
1247 3254 1251 3263 ¹

176 3351 363 3461 Pr0Jecit=
392 3356 530 3462 quibus
547 3383 631 3434 acer
647 3358 753 3463 Eryx
768 3355 807 3433 in
821 3353 957 3464 praelia
975 3352 1100 3434 suetus
1248 3350 1250 3354 ’

174 3490 290 3573 Ferre
311 3516 482 3589 manum,
506 3493 679 3604 duroque
690 3492 880 3573 intendere
897 3489 1050 3571 brachia
1062 3510 1181 3600 tergo.
1249 3512 1254 3523 ¹

174 3629 412 3745 Obstupuere
431 3630 559 3712 animi.
591 3648 780 3711 tantorum
800 3631 962 3737 ingentia
983 3630 1125 3739 septem

173 3771 303 3882 Terga
319 3771 440 3853 boum
458 3771 618 3882 plumbo
636 3770 758 3851 insuto
769 3771 941 3878 ferroque
960 3770 1140 3878 rigebant.
1156 3797 1212 3877 40
1221 3784 1248 3882 ’ς

174 3915 277 3995 Ante
294 3940 427 3993 omnes
446 3912 567 4022 stupet
581 3912 654 4023 ipse
679 3914 810 4010 Dares,
837 3909 1020 4019 longeque
1039 3910 1201 3996 recusat:

173 4049 514 4160 Magnanimusque
532 4050 774 4133 Anchifiades
797 4069 835 4133 et
856 4051 1004 4161 pondus
1021 4068 1058 4130 et
1075 4048 1153 4158 ipsu
1236 4114 1243 4123 .

104 4176 106 4181 ¹
173 4188 267 4274 Huc
284 4187 374 4309 illuc
394 4189 606 4311 vinclprutn
634 4189 816 4313 irnmtnsa
843 4187 1038 4308 relumina
1055 4185 1186 4270 versat.
1226 4260 1230 4266 .

1134 4322 1252 4407 Tum
