2872 5176
180 262 279 365 2⁶2
369 256 425 355 Ρ.
457 256 733 355 Vmorem
765 254 1046 361 Maronia

42 528 49 539 .
175 459 546 551 InvaduntMartem
563 458 707 574 clypeis
720 476 835 573 atque
850 486 935 545 aere
951 462 1108 551 sonoroa
1154 506 1166 543 ·.

174 604 258 687 Dat
272 602 461 714 gemitum
479 601 615 686 tellure
645 620 732 687 tum
742 600 891 687 crebros
907 605 1058 691 ensibus
1076 607 1185 693 istut

60 732 66 751 '
174 743 469 857 Congemiuant.
507 743 585 827 fors
604 758 643 827 et
660 744 776 825 virtus
792 743 994 831 miscentur
1007 748 1049 833 in
1066 777 1214 839 unum.

34 911 43 929 ·
172 890 237 973 Ac
252 887 369 989 velut,
398 882 631 997 ingentiffln
645 884 841 969 summove
861 886 1061 993 Taburno,
1160 915 1256 1010 713

174 1032 282 1117 Cum
291 1030 370 1113 duo
381 1027 564 1113 convertis
579 1027 733 1109 inimica
749 1027 790 1108 in
800 1024 939 1139 praelia
953 1031 1051 1133 tauri

173 1173 380 1258 Frontibus
395 1170 603 1269 incurrunt,
633 1167 760 1282 pavidi
778 1166 913 1251 ceffere
928 1171 1121 1283 magistrig

175 1314 256 1396 Stat
264 1340 381 1427 pecua
390 1328 622 1393 omnemetu
633 1328 801 1409 mutum,
813 1307 1262 1427 muffmtquejuveoerer

174 1426 275 1561 Qia
285 1448 414 1563 pecori
426 1448 628 1559 imperitet,
635 1476 755 1559 quem
765 1464 1023 1535 totaarmenta
1032 1453 1263 1567 sequantura

173 1592 238 1681 nti
253 1592 350 1677 inter
367 1588 442 1673 sese
459 1588 581 1673 multa
596 1590 636 1671 ti
652 1588 805 1673 volnera
822 1588 992 1692 miscent,
1160 1620 1259 1713 7²⁶

1 1807 3 1812 .
176 1736 409 1845 cornuaque
428 1729 561 1817 obnixi
577 1730 753 1842 infigunt,
783 1747 822 1814 et
837 1730 1015 1843 finguine
1025 1732 1133 1849 largo

175 1874 290 1961 colla
313 1870 513 1983 armosque
535 1871 685 1957 lavant:
725 1871 872 1983 gemitu
899 1900 1036 1961 nemus
1057 1900 1177 1960 omne
1196 1900 1263 1961 re-

359 2012 498 2121 mugit.

174 2155 296 2245 Haud
311 2152 418 2241 aliter
433 2152 536 2237 Tros
554 2155 702 2237 Aeneas
712 2172 750 2236 et
763 2153 937 2239 Daunius
954 2153 1066 2243 heroo

174 2292 587 2407 Concurruutclypeia.
616 2296 747 2405 ingens
765 2292 891 2407 fragor
901 2296 1051 2383 aethera
1068 2296 1257 2411 complet⁴

175 2439 326 2551 Jupiter
342 2434 421 2549 ipse
437 2433 530 2517 duaa
542 2452 700 2544 aequato
710 2436 885 2517 examine
896 2434 1020 2521 hnoer
1158 2466 1220 2555 7²
1227 2464 1255 2553 ς

173 2576 349 2675 Sustinet,
376 2590 416 2656 et
426 2570 503 2655 fata
515 2573 679 2684 imponit
688 2573 829 2657 diversa
843 2575 1009 2659 duorum
1019 2617 1033 2676 t

173 2718 307 2824 Quem
325 2712 480 2794 damnet
492 2710 610 2808 labor,
624 2728 663 2792 et
675 2740 754 2823 quo
768 2730 894 2822 vergat
910 2715 1074 2825 pondere
1084 2710 1252 2807 lethum.

172 2856 325 2941 Emicat
341 2851 420 2957 hic,
452 2851 610 2963 impune
630 2868 777 2962 putans,
808 2871 847 2934 et
859 2882 1013 2963 corpore
1029 2872 1110 2935 toto

177 2997 268 3080 Alte
287 2993 477 3077 sublatum
495 2992 683 3103 consurgit
695 2995 850 3074 Turnus
867 2993 907 3074 in
925 2994 1065 3094 ensem,
1080 2966 1084 2971 .

176 3140 231 3222 Et
249 3139 345 3221 ferit.
374 3134 588 3216 exclamant
604 3134 726 3216 Trois
743 3135 951 3244 trepidique
970 3136 1109 3234 Latini,
1160 3165 1189 3254 7
1195 3167 1255 3252 3⁰

177 3281 431 3388 Arrestaeque
446 3276 648 3355 amborum
667 3274 774 3357 acies.
808 3292 846 3355 at
859 3274 1023 3384 perfidus
1036 3276 1130 3361 enfis

177 3412 392 3524 Frangitur,
422 3412 462 3493 in
475 3412 678 3520 medioque
691 3412 883 3494 ardentem
895 3414 1027 3502 deserit
1039 3420 1131 3523 iau,

179 3556 239 3640 Ni
257 3554 348 3665 fuga
365 3551 524 3635 subfidio
544 3550 683 3635 subeat.
711 3550 812 3661 fugit
830 3552 934 3634 ocior
954 3583 1058 3660 euro,

180 3696 239 3777 Ut
251 3692 431 3807 capulum
446 3691 620 3803 ignotum
634 3691 879 3804 dextramque
896 3694 1038 3807 aspexit
1050 3697 1256 3799 inermem.

182 3835 382 3933 Famaest,
395 3833 649 3946 praecipitem,
663 3861 755 3914 cum
767 3834 890 3945 prima
902 3835 942 3917 in
955 3838 1254 3952 praeliajunfitot

183 3977 466 4060 Conscendebat
485 4000 614 4082 equos,
646 3974 766 4085 patrio
782 4005 966 4060 mucrone
982 3981 1125 4083 telino,
1157 4013 1185 4100 7
1188 3994 1250 4101 36

181 4114 293 4203 Dum
311 4113 479 4232 trepidat,
508 4111 651 4201 ferrum
673 4118 821 4229 aurigae
840 4119 997 4232 rapuiffe
1013 4121 1188 4209 Metiscia

1127 4264 1255 4378 quue
