2872 5176
240 338 338 442 106
419 331 470 426 P.
502 329 779 425 Vrnermr
806 330 1087 473 Mnnoure

252 610 263 645 ,Ι
295 535 361 621 Sol
374 533 548 619 medium
558 533 654 617 coeli
667 531 929 639 conscenderat
941 536 1072 648 igneus
1089 542 1236 649 orbern,

233 679 340 763 Cum
349 705 489 776 muros,
521 704 723 786 arcemque
740 676 886 786 procul,
919 697 958 759 et
977 708 1057 762 rara
1071 683 1276 773 domorum

234 820 518 922 ‘reetavidene
530 846 628 928 quae
639 844 742 898 nunc
758 818 935 900 Romana
952 804 1119 931 potentia
1138 831 1246 914 coelo

236 961 444 1071 Aequavit:
476 976 562 1041 tum
577 987 634 1041 ree
648 961 777 1068 inopes
790 959 1170 1054 Evandrushabebat.
1221 1005 1304 1061 100

238 1100 359 1190 Ocius
370 1099 567 1182 advertunt
582 1125 723 1208 proras,
754 1097 913 1206 urbique
924 1104 1190 1215 propinquant,

237 1245 353 1335 Forte
373 1242 434 1324 die
448 1242 639 1323 solennem
656 1239 723 1320 illo
741 1267 808 1320 rex
826 1243 945 1324 Arcas
962 1241 1148 1332 honorem

238 1380 602 1495 Amphitryoniadae
614 1408 753 1490 magno
767 1381 934 1491 divisque
944 1381 1100 1487 ferebat,

239 1527 343 1607 Ante
356 1523 491 1604 urbem
503 1523 542 1602 in
556 1521 655 1602 luco.
683 1519 804 1601 Pallas
821 1517 911 1601 huic
924 1521 1025 1606 filius
1038 1555 1126 1627 unt,

240 1665 330 1755 Una
344 1689 476 1748 omnes
490 1664 676 1771 juvenum
688 1663 816 1772 primi,
825 1691 1040 1775 pauperque
1056 1670 1214 1775 senatus,
1230 1699 1277 1760 10
1284 1705 1308 1790 ς

242 1800 380 1888 Thura
399 1802 558 1900 dabant3
600 1800 818 1911 tepidusque
840 1829 950 1883 cruor
967 1803 1139 1890 fumabat
1155 1812 1202 1893 ed
1219 1841 1309 1896 aras.

242 1944 300 2029 Ut
316 1941 427 2027 celsas
445 1941 570 2023 videre
591 1959 697 2039 rates,
730 1958 842 2048 atque
852 1941 947 2025 inter
962 1970 1127 2053 opacum

242 2080 372 2188 Allpbi
387 2109 533 2179 nemus,
564 2098 602 2163 et
619 2081 749 2162 tacitos
760 2081 977 2163 incumbere
991 2086 1104 2167 remis
1111 2126 1125 2187 3

242 2222 450 2307 Tenentur
468 2221 545 2348 visu
556 2221 691 2323 subito,
717 2221 919 2331 cunffique
933 2223 1068 2306 relictis

242 2366 483 2476 Consurgunt
491 2366 647 2448 mensu:
659 2366 782 2449 audax
797 2393 893 2476 quos
904 2395 1078 2481 rumpere
1091 2369 1211 2454 Pallas
1227 2403 1240 2456 ι
1256 2402 1308 2458 ro

243 2507 478 2602 sacraverat,
502 2523 684 2616 raptoque
704 2503 804 2586 volnt
815 2505 891 2588 telo
902 2508 1039 2590 obvius
1055 2511 1132 2619 ipse
1141 2551 1154 2608 3

241 2645 297 2729 Et
309 2642 441 2758 procul
459 2672 480 2725 e
497 2645 670 2729 tumulo:
702 2646 870 2754 juvenes,
906 2675 1002 2754 quae
1020 2649 1126 2729 causa
1143 2649 1286 2758 subegit

242 2783 394 2894 Ignoras
408 2800 546 2865 tentare
565 2783 662 2867 vias?
693 2811 771 2892 quo
783 2783 953 2865 tenditis?
985 2786 1118 2895 inquit.

242 2924 324 3023 Qui
335 2929 474 3036 genus?
510 2925 610 3007 unde
625 2925 773 3006 domo?
806 2951 986 3034 pacemne
1004 2923 1081 3006 huc
1101 2926 1216 3026 fertis,
1262 2955 1309 3006 an

426 3068 561 3144 arma?

245 3199 354 3280 Tum
367 3217 471 3309 pater
487 3203 631 3281 Aeneas
642 3199 758 3309 puppi
777 3198 827 3279 fic
848 3196 946 3279 fatur
958 3199 1006 3280 ab
1023 3200 1107 3300 alta,
1237 3234 1280 3288 11
1288 3237 1311 3318 ς

246 3336 512 3447 Paciferaeque
527 3366 645 3421 manu
660 3365 810 3423 ramum
822 3340 1026 3445 praetendit
1045 3341 1183 3426 olivae:

245 3454 491 3586 Trojugenas,
520 3506 563 3559 ac
577 3477 650 3560 tela
668 3477 770 3558 vides
788 3477 942 3560 inimica
960 3481 1115 3583 Latinio,

246 3620 355 3718 Quos
375 3617 430 3697 illi
445 3617 546 3700 bello
563 3617 743 3730 profugos
761 3645 867 3729 egere
884 3618 1055 3730 superbo.

244 3760 466 3844 Evandrum
480 3761 653 3871 petimus.
684 3760 777 3842 ferte
794 3759 900 3860 haec,
927 3781 965 3842 et
979 3762 1103 3859 dicite,
1137 3764 1251 3847 lector

245 3905 458 3989 Dardaniae
469 3905 603 3989 veniffe
613 3906 740 4010 duces,
775 3906 871 3986 socia
888 3932 993 3985 arma
1008 3926 1191 4016 rogantes.
1229 3937 1313 3997 120

219 4144 222 4157 V
248 4044 453 4155 Obstupuit
465 4063 568 4129 tanto
587 4045 774 4156 perculsus
791 4044 945 4128 nomine
953 4047 1098 4130 Pallas:

77 4228 84 4243 κ
247 4186 433 4300 egredere
453 4217 490 4305 o²
510 4189 726 4300 quicunque
741 4217 795 4295 eo,
822 4189 885 4290 ait,
903 4177 1110 4304 eorumque
1122 4206 1313 4306 parentem

1198 4326 1310 4411 Allo-
