2872 5176
381 295 985 435 Asusroosbrd.i⁷1'l.
1124 358 1188 463 qs

133 534 453 658 Qandnqddem
465 534 634 624 Ausonio
646 532 794 651 respersi
806 530 982 647 snguine
993 506 1175 636 Teneion

132 689 224 771 Hoc
241 683 356 767 etism
373 676 436 762 his
449 674 600 779 eddon
629 678 735 762 trad
752 676 849 760 mihi
866 695 966 761 certa
981 676 1166 794 voimrtas,

130 821 381 908 Finitimasin
398 814 497 903 uelis
514 816 860 904 ferumrumoribus
875 818 997 921 urbes,
1191 841 1197 854 ·

131 952 583 1072 Accendamqueardmos
600 959 717 1041 insani
734 956 869 1041 Martis
888 984 1029 1060 amore,
1108 990 1136 1082 5
1138 988 1194 1081 50

130 1094 312 1211 Undique
337 1114 382 1180 ut
412 1091 553 1183 anrrfio
582 1097 744 1183 veniant.
789 1092 959 1208 ipsrgnn
990 1126 1095 1185 arma
1129 1126 1197 1217 per

310 1256 430 1347 agros.

77 1373 79 1376 ⁴
131 1378 240 1460 Tum
257 1392 386 1458 sonna
403 1370 529 1484 Juno.
555 1394 740 1457 terrorum
753 1391 795 1457 et
806 1367 948 1456 fraudo
964 1372 1113 1465 abunde
1126 1374 1193 1468 est.

132 1512 336 1599 Stentbelli'
354 1512 502 1598 munes
533 1534 719 1626 pugnatur
738 1517 914 1598 cominus
925 1519 1051 1604 armis.

129 1658 237 1757 Ques
249 1656 325 1738 fors
346 1657 469 1767 prima
485 1655 600 1751 dedit,
631 1654 776 1762 sanguis
793 1682 911 1735 novus
926 1656 1064 1738 imbuit
1076 1687 1192 1746 arms.

131 1790 241 1878 Talia
256 1794 443 1880 connubia
456 1814 494 1878 et
508 1791 599 1876 tales
610 1786 798 1876 celebrent
815 1790 1043 1904 hymenaeos
1107 1824 1132 1914 5
1138 1826 1193 1915 55

130 1936 337 2046 Egregium
354 1928 510 2019 Veneris
523 1954 640 2045 genus
660 1951 697 2015 et
714 1958 781 2014 rex
796 1933 871 2044 ipse
887 1929 1056 2026 Latinus.

128 2075 189 2154 Te
206 2075 313 2185 super
330 2070 516 2156 aethereas
531 2098 652 2154 errare
667 2071 839 2154 licentius
853 2100 959 2157 auras

127 2213 246 2293 Haud
258 2222 362 2322 puter
374 2212 452 2324 ipse
460 2208 549 2294 velit
566 2210 706 2291 summi
722 2227 895 2319 regnator
912 2205 1086 2325 Olympi.

126 2351 231 2432 Cede
245 2351 347 2433 locis.
379 2370 464 2461 ege,
492 2346 520 2431 fi
541 2376 617 2460 qua
629 2348 736 2459 super
746 2344 894 2430 fortuna
907 2346 1080 2437 laborum
1093 2346 1182 2458 est,

128 2490 211 2601 Ipsa
228 2492 369 2599 regam.
401 2486 490 2573 tales
507 2488 658 2572 dederat
677 2488 843 2570 Saturnia
855 2515 974 2575 voces.
1107 2500 1193 2610 560

126 2629 195 2711 Illa
206 2648 333 2712 autem
347 2628 481 2711 attollit
494 2626 876 2740 stridentesanguibus
888 2628 975 2734 alas,

128 2771 340 2879 Cocytique
359 2772 451 2880 petit
470 2770 608 2871 sedem,
636 2771 766 2880 supera
783 2771 897 2852 ardua
914 2771 1100 2880 linquens.

128 2904 196 2991 Est
210 2908 314 2990 locus
329 2910 454 2993 Italiae
475 2911 602 2992 medio
612 2909 683 2990 sub
697 2911 888 2991 montibus
905 2906 999 3008 altis,

128 3047 292 3149 Nobilis,
324 3048 475 3132 etfama
485 3048 614 3132 multis
631 3052 908 3132 memoratusin
921 3052 1008 3151 oris,

129 3186 321 3274 Amsancti
332 3191 455 3274 valles.
487 3188 605 3273 denus
622 3189 726 3272 hunc
743 3192 937 3274 frondibus
948 3210 1071 3274 atrum
1103 3197 1157 3305 56
1164 3223 1189 3308 5

130 3331 250 3437 Urget
267 3330 441 3439 utrinque
455 3330 548 3412 latus
565 3330 742 3430 nemoris,
773 3331 974 3442 medioque
989 3333 1153 3443 fragosus

128 3470 207 3549 Dat
219 3468 382 3551 sonitum
401 3470 494 3553 saxis
515 3488 552 3552 et
565 3488 662 3552 torto
675 3472 813 3551 vortice
826 3488 979 3555 torrens.

128 3609 206 3691 Hic
223 3608 351 3720 specus
369 3609 614 3710 horrendum,
645 3608 740 3690 saevi
760 3610 939 3720 spiracula
951 3613 1064 3713 Ditis,

129 3748 373 3850 Monstratur,
401 3767 585 3864 ruptoque
602 3749 731 3858 ingens
746 3746 961 3830 Acheronte
978 3778 1115 3861 vorago

131 3889 323 3972 Pestiferas
338 3892 453 4002 aperit
465 3891 589 3973 fauces
597 3930 610 3989 3
638 3888 743 4000 queis
757 3890 906 3971 condita
921 3891 1093 4002 Erinnys,
1105 3919 1191 4010 570

131 4026 298 4109 invisum
316 4050 473 4131 numen,
504 4046 615 4111 terras
632 4027 857 4139 coelumque
876 4030 1030 4112 levabat.

129 4166 217 4252 Nec
236 4166 363 4253 miuus
381 4169 519 4288 interes
529 4182 738 4288 extremum
757 4168 926 4290 Saturnia
945 4170 1047 4253 bello
1175 4182 1179 4188 ·

202 4332 216 4337 “
255 4326 265 4338 '
1025 4306 1195 4420 Imponit
