2872 5176
248 389 350 491 228
434 384 1126 483 P‘.'V1no'1u11Mauo'urs

244 591 444 677 carbaseos
456 588 563 671 fulvo
575 589 615 668 in
627 587 774 669 nodum
784 586 985 697 collegerat
1001 598 1106 687 a'uro,

244 735 374 817 Pistus
386 760 457 814 acu
474 733 616 814 tunicas
634 748 671 812 et
689 729 843 811 barbara
859 728 1026 839 tegmina
1042 755 1223 814 crurum.

245 876 367 991 Hunc
380 872 499 981 virgo,
531 872 604 953 five
621 889 664 953 ut
677 871 827 980 templis
844 868 1061 979 praefigeret
1078 898 1188 954 arma

248 1015 386 1117 Tro'r'a,
398 988 402 995 ⁴
415 1013 563 1123 captivo
574 1012 647 1094 sive
658 1029 701 1092 ut
718 1017 753 1091 se
771 1011 883 1092 serret
901 1011 941 1090 in
960 1038 1064 1110 aurn,

249 1153 445 1249 Venatrlx,
474 1180 656 1234 unumerr
669 1150 775 1233 omni
789 1149 992 1231 certamine
1009 1179 1158 1261 pugnae
1242 1151 1345 1266 786

246 1294 375 1410 ⁵Caeca
390 1292 630 1401 sequebatur;
661 1309 861 1399 totumque
880 1292 1027 1371 incauta
1043 1321 1111 1404 per
1121 1306 1288 1403 agmen,

253 1433 463 1543 Foemineo
480 1432 637 1541 praedae
650 1449 688 1514 et
706 1430 913 1542 spoliorum
929 1432 1081 1513 ardebat
1094 1461 1246 1520 amore.

254 1570 400 1654 Telum
417 1597 466 1652 ex
484 1569 621 1650 infidiis
633 1596 726 1651 cum
742 1568 908 1667 tandem,
940 1587 1110 1681 tempore
1128 1591 1262 1682 capto,

254 1711 443 1810 concitat,
474 1726 513 1791 et
527 1710 675 1819 superos
687 1710 813 1789 Aruns
827 1707 877 1787 sic
886 1735 984 1797 ,voce
1005 1726 1199 1819 precatur:

250 1850 415 1931 'Summe
431 1848 560 1946 deum,
591 1846 705 1928 saneti
717 1846 840 1928 custos
852 1847 1022 1944 Soractis,
1054 1847 1344 1965 Ap0110,78·5

257 1990 388 2084 Quem
398 1987 513 2097 primi
530 1985 705 2091 colimus,
733 1987 797 2068 cui
811 1987 943 2097 pineus
958 1987 1067 2069 ardor
1079 1989 1218 2070 aceruo

258 2128 436 2241 Pascitur,
468 2127 691 2209 etmedium
702 2127 786 2209 freti
805 2128 939 2237 pietate
953 2157 1019 2239 per
1032 2130 1162 2238 ignem

259 2267 434 2351 Cultores
453 2268 574 2350 multa
587 2268 796 2378 premimus
815 2268 965 2376 vestigia
981 2295 1124 2378 pruna;

258 2410 336 2510 Da,
370 2426 485 2519 pater,
519 2406 594 2490 hoc
607 2407 738 2490 nostris
753 2409 894 2489 aboleri
905 2408 1065 2491 dedecus
1082 2411 1199 2495 armis

258 2551 525 2660 Omnipotens.
554 2577 633 2630 non
647 2550 809 2651 exuvias,
821 2549 990 2661 pulsaeve
1007 2568 1208 2663 tropaeum
1238 2583 1337 2668 79⁰

261 2691 439 2801 Virginis,
470 2711 534 2773 aut
547 2690 663 2800 spolia
681 2691 769 2791 ulla,
790 2711 888 2801 peto.
908 2692 1005 2772 mihi
1018 2714 1159 2776 caetera
1178 2696 1343 2779 laudem

261 2832 377 2914 Facta
390 2833 520 2914 serent.
549 2829 642 2912 haec
656 2831 734 2911 dira
751 2860 839 2912 meo
857 2833 953 2912 dum
972 2834 1122 2915 volnere
1140 2836 1255 2944 pestis

262 2976 502 3072 Pulsacadat,
533 2976 690 3084 patriam
711 2976 887 3055 remeabo
902 2957 1079 3083 inglorius
1092 2978 1241 3060 urbem.

264 3116 412 3216 Audiit,
445 3132 482 3196 et
500 3116 577 3200 voti
594 3112 770 3195 Phoebus
786 3113 979 3196 succedere
993 3135 1138 3224 partem

263 3254 398 3337 Mente
416 3257 519 3336 dedit
534 3296 545 3353 ς
577 3274 722 3367 partem
733 3257 900 3337 volucres
918 3256 1082 3364 dispersit
1103 3259 1141 3336 in
1153 3283 1278 3344 aurat.

265 3399 449 3478 Sterneret
461 3415 502 3477 ut
518 3396 636 3476 subita
654 3397 840 3477 turbatam
852 3415 974 3478 morte
990 3398 1209 3501 Camillam,
1246 3407 1340 3515 796

264 3536 414 3617 Annuit
432 3536 573 3616 oranti:
606 3536 786 3616 reducem
805 3556 846 3616 ut
865 3537 980 3644 patria
998 3536 1072 3617 alta
1089 3537 1242 3634 videret,

264 3679 360 3758 Non
373 3676 503 3794 dedit;
532 3677 645 3783 inque
657 3693 763 3755 notos
780 3703 916 3758 vocem
935 3695 1074 3757 vertere
1092 3676 1295 3785 procellae.

265 3824 381 3930 Ergo,
414 3838 455 3900 ut
470 3817 575 3900 missa
593 3847 710 3899 manu
724 3817 887 3900 sonitum
901 3820 1003 3899 dedit
1016 3818 1119 3900 hasta
1131 3849 1198 3931 per
1217 3836 1346 3920 auras,

265 3965 490 4044 Convertere
503 3962 649 4042 animos
663 3989 775 4063 acres,
796 3962 998 4071 oculosque
1010 3962 1125 4043 tulere
1250 3965 1345 4048 800

265 4103 404 4191 Cuncti
417 4103 465 4184 ad
481 4101 650 4211 reginam
663 4101 802 4187 Volsci.
840 4101 935 4185 nihil
955 4103 1029 4214 ipsa
1047 4130 1169 4212 neque
1182 4115 1314 4202 aurae,

1251 4246 1347 4331 Nec
