2872 5176
245 318 342 419 168
447 314 499 411 P.
533 311 801 407 Vrnernrr
836 311 1118 410 Maturus
1160 320 1164 325 ’

302 468 601 605 Interea'Rutuli
611 516 726 626 portis
746 515 893 597 circum
905 514 1083 598 omuibus
1097 512 1239 598 instant
1344 556 1353 583 ·

243 666 411 747 Sternere
428 658 541 743 caede
554 656 665 758 viros,
696 674 734 739 et
752 657 901 739 moenia
917 659 1066 767 cingere
1087 656 1270 745 flammis.
1385 772 1392 779 ¹

245 803 433 912 Astlegio
448 798 673 884 Aeneadum
687 798 791 882 vallis
808 798 945 880 obsessa
961 817 1129 882 tenetur:
1231 824 1326 884 120

22 1018 27 1027 ,
96 909 155 1051 ,”
244 945 334 1028 Nec
353 942 432 1053 spes
449 938 527 1021 una
546 937 669 1049 fugae.
702 937 828 1019 misen
848 936 1120 1022 uirtutebus
1135 937 1221 1021 aus

245 1085 533 1194 Nequicquam‚
565 1097 602 1161 et
620 1106 700 1161 rara
718 1107 846 1160 muros
864 1080 1014 1161 cinxere
1031 1108 1182 1162 corona.

245 1227 359 1310 Afius
373 1222 607 1320 Imbrafides,
638 1222 954 1331 Hicetaoniusque
967 1221 1221 1330 Thymoetes,

240 1365 486 1473 'Assaracique
503 1363 595 1460 du0,
626 1381 664 1442 et
679 1361 796 1443 senior
808 1386 900 1443 'cum
921 1361 1073 1443 Castore
1083 1360 1271 1471 Thybris,

248 1508 378 1592 Prima
398 1506 507 1588 acies.
538 1501 621 1602 hos,
639 1503 806 1614 germani
830 1504 1051 1613 Sarpedonis
1067 1504 1196 1601 ambo,
1236 1530 1289 1587 12
1298 1532 1326 1618 5
1343 1588 1350 1604 ,

247 1651 302 1734 Et
321 1648 465 1748 Clarus,
496 1664 534 1727 et
546 1645 739 1743 Haemon,
770 1646 888 1753 Lycia
898 1647 1125 1728 comitantur
1139 1647 1187 1728 ab
1199 1645 1290 1731 alta.

248 1795 339 1878 Fert
359 1792 502 1901 ingens,
532 1807 613 1871 toto
623 1791 795 1871 connisus
814 1818 982 1900 corpore,
1013 1791 1158 1887 saxum,

249 1933 370 2017 Haud
383 1950 528 2042 partem
543 1931 720 2039 exiguam
734 1934 886 2030 montis,
917 1934 1114 2040 Lyrnesus
1125 1935 1297 2036 Acmon,

249 2075 339 2158 Nec
352 2070 480 2180 Clytio
499 2071 664 2179 genitore
677 2073 816 2175 minor,
848 2102 916 2154 nec
929 2072 1040 2155 fratre
1054 2075 1295 2159 Menestheo.

251 2212 464 2324 Hijaculis,
496 2209 552 2291 illi
569 2229 709 2295 certant
722 2214 920 2296 defendere
937 2216 1045 2316 saxis,
1237 2245 1327 2329 130

251 2354 463 2463 Molirique
481 2352 624 2462 ignem,
656 2381 845 2465 nervoque
860 2374 984 2466 aptare
1003 2357 1160 2465 sagittas.

251 2493 339 2606 lpse
352 2494 446 2574 inter
466 2492 624 2589 medios,
655 2495 813 2577 Veneris
824 2497 1021 2606 justissima
1039 2500 1139 2594 cura,

253 2630 468 2717 Dardanius
478 2650 603 2740 caput,
622 2659 735 2730 ecce,
768 2663 860 2743 puer
877 2636 1043 2716 detectus
1062 2635 1281 2719 honestum:

256 2769 390 2883 Qalis
407 2798 560 2880 gemma
574 2771 700 2872 micat,
720 2773 870 2861 fulvum
886 2804 981 2884 quae
996 2777 1127 2859 dividit
1146 2804 1297 2876 aurum,

256 2914 341 2995 Aut
360 2908 460 2993 collo
478 2909 606 3011 decus,
638 2931 701 2993 aut
721 2917 853 3024 capiti:
889 2916 947 2996 vel
966 2917 1088 3026 quale,
1101 2944 1165 3024 per
1180 2935 1304 2998 artem

257 3050 576 3137 Inclusumbuxo
593 3070 656 3132 aut
675 3055 801 3134 Oricia
815 3054 1038 3157 terebintho,
1242 3046 1330 3167 1'36

260 3191 383 3270 Lucet
402 3190 513 3271 ebur:
545 3188 644 3269 fusos
657 3194 781 3273 cervix
801 3196 862 3274 cui
880 3195 996 3275 lactea
1010 3197 1127 3276 crines

262 3327 428 3437 Accipit,
459 3346 497 3408 ct
508 3328 615 3410 molli
629 3331 809 3414 subneetit
823 3334 981 3415 circulus
994 3363 1096 3417 auro.
1152 3390 1162 3409 .

264 3469 327 3548 Te
348 3496 500 3577 quoque
519 3473 779 3578 magnanimae
798 3476 982 3576 viderunt,
1003 3477 1152 3575 Ismare,
1174 3495 1305 3587 gentes

263 3607 431 3688 Volnera
447 3608 615 3717 dirigere,
647 3630 684 3692 et
701 3613 863 3695 calamos
880 3645 1021 3698 armare
1035 3646 1191 3715 veneno,
1247 3648 1338 3727 140

264 3748 445 3830 Maeonia
458 3749 629 3858 generose
642 3753 779 3852 domo;
811 3756 876 3834 ubi
890 3756 1038 3866 pinguia
1049 3757 1150 3838 culta

265 3889 529 3998 Exercentque
547 3890 627 3986 viri,
659 3893 903 4005 Pactolusque
922 3897 1047 4008 irrigat
1063 3927 1166 3983 auro.
1328 3988 1332 3995 ,

268 4019 406 4100 Adfuit
419 4040 456 4100 et
474 4021 709 4125 Mnestheus,
742 4060 858 4140 quem
875 4036 968 4143 pulsi
991 4037 1144 4148 pristina
1159 4037 1288 4131 Turni

269 4161 421 4273 Aggere
434 4188 634 4250 murorum
651 4167 853 4257 sublimem
868 4175 986 4290 gloria
1004 4177 1102 4264 tollit
1111 4217 1126 4283 ς

1280 4319 1343 4432 Et
