2872 5176
265 410 334 530 46
476 398 830 499 P.‘Vrro1nrr
866 396 1147 501 Maronis

263 609 428 709 Gaudia,
448 603 765 713 mortiferumque
799 601 951 684 adverso
967 603 1008 685 in
1037 603 1170 687 limine
1186 599 1349 715 bellurn,

229 754 466 865 'Ferreique
493 749 757 833 Eumenidum
792 746 965 846 thalami,
998 767 1037 832 et
1067 749 1250 837 discordis
1274 756 1346 838 de·

447 921 571 990 mens,
1256 898 1346 985 280

262 1039 472 1151 Vipereum
501 1034 647 1116 crinem
677 1028 776 1113 vittis
805 1030 950 1113 innexa.
974 1033 1151 1119 cruentis.

244 1183 310 1287 ,In
329 1152 459 1260 medio
474 1202 600 1257 ramos
617 1171 829 1282 annosaque
847 1170 1002 1253 brachia
1018 1174 1150 1284 pandit

258 1319 415 1420 Ulmus,
434 1342 564 1428 opaca,
590 1314 746 1422 ingens:
777 1340 897 1421 quam
914 1311 1042 1393 sedem
1059 1311 1205 1397 somnia
1226 1317 1346 1430 vulgo

77 1453 80 1457 ’
258 1460 372 1540 Vana
389 1475 514 1539 tenere
530 1453 668 1551 serunt,
685 1451 858 1561 foliisque
875 1451 943 1533 sub
959 1453 1138 1537 omnibus
1157 1452 1326 1573 ltaerent.

259 1597 466 1709 Multaque
476 1612 661 1709 praeterea
678 1593 867 1675 variarum
882 1593 1052 1676 monstra
1061 1594 1240 1696 sermm,
1256 1601 1311 1685 28
1320 1626 1346 1715 5

261 1741 441 1838 Centauri
460 1740 502 1821 in
517 1737 661 1821 soribus
679 1735 876 1836 stabulant,
897 1734 1118 1849 Scyllaeque
1138 1738 1334 1847 biformes,

260 1882 315 1962 Et
324 1879 652 1990 centumgeminus
669 1877 851 1975 Briareus,
870 1876 1052 1961 aebellua
1064 1882 1212 1966 lernae
1394 1882 1400 1893 ’

260 2020 511 2105 Horrendum
527 2019 695 2123 stridens,
712 2016 952 2129 flammisque
962 2036 1106 2104 armata
1112 2022 1345 2110 Chimaeras

259 2164 473 2275 Gorgones,
485 2160 766 2272 Harpyiaeque,
776 2177 813 2242 et
821 2161 945 2242 forma
953 2161 1167 2273 tricorporis
1175 2166 1345 2251 umbrae.

259 2305 425 2415 Corripit
442 2302 506 2387 hic
524 2301 643 2384 subita
660 2300 825 2412 trepidus
838 2300 1042 2384 formidine
1059 2301 1204 2389 ferrum
1256 2334 1344 2422 290

260 2448 422 2545 Aeneas,
434 2444 677 2552 sitistamme
689 2440 811 2524 aciem
825 2442 1059 2526 venientibus
1078 2443 1204 2533 offert.
1233 2494 1238 2505 ,

260 2585 336 2685 Et„
358 2585 398 2665 ni
415 2583 528 2667 notu
543 2609 674 2665 comes
692 2599 822 2664 tenues
839 2578 916 2665 sure
933 2606 1092 2694 corpore
1109 2583 1202 2669 vitas

261 2728 480 2811 Admoneat
495 2724 649 2806 volitare
676 2748 769 2805 cava
798 2721 867 2804 sub
891 2723 1056 2836 imagine
1081 2724 1241 2826 sornue,

260 2868 393 2967 Irruat‚
423 2884 463 2950 et
490 2864 626 2948 frustra
656 2862 757 2947 ferro
784 2862 994 2945 diverberet
1015 2864 1180 2949 umbros.

260 3007 366 3091 Hinc
383 3006 457 3107 via,
475 3005 647 3088 Tartarei
664 3032 762 3113 quae
774 3001 848 3086 sert
858 3002 1085 3088 Acherontis
1097 3007 1295 3091 adundast

260 3146 456 3229 Turbidus
470 3144 535 3227 hic
551 3172 671 3228 coeno
688 3143 863 3254 vastaque
877 3145 1052 3256 voragine
1068 3174 1203 3260 gurges
1254 3152 1342 3259 296

259 3287 431 3392 Aestuat,
459 3304 574 3398 atque
594 3313 753 3369 omnem
773 3288 923 3398 Cocyto
947 3289 1090 3369 erudiat
1113 3274 1281 3373 arenam]

258 3430 422 3513 Portitor
435 3427 503 3513 has
515 3410 727 3513 horrendns
740 3456 854 3540 aquas
865 3444 904 3512 et
921 3426 1080 3512 fluorina
1093 3428 1209 3511 servat

119 3580 122 3585 ’
258 3570 439 3651 Terribili
463 3571 633 3683 squalore
651 3569 832 3656 Charon:
859 3569 923 3655 cui
940 3571 1107 3683 plurima
1125 3588 1260 3655 mento

257 3714 422 3799 Canities
445 3715 586 3799 inculta
605 3716 729 3827 jacet,
761 3716 860 3801 stant
882 3715 1027 3799 lumina
1051 3714 1228 3814 flammas
1253 3736 1342 3828 300

257 3859 436 3943 Sordidus
456 3888 506 3942 ex
527 3858 699 3944 humeris
726 3861 830 3942 nodo
856 3857 1044 3971 dependet
1073 3858 1248 3946 amieos.

256 3996 341 4111 Ipse
368 4020 488 4085 ratem
512 4021 626 4086 conto
660 4003 809 4114 subigit,
840 4001 1005 4113 velisque
1041 4001 1241 4101 ministrat,

256 4141 310 4222 Et
326 4139 536 4265 ferruginea
548 4140 745 4227 'subvectat
772 4172 928 4257 corpora
946 4146 1099 4254 cymba,
1319 4151 1322 4155 ’

257 4287 348 4395 Janr
378 4285 524 4389 senior,
554 4288 618 4373 sed
651 4288 768 4409 cruda
793 4289 867 4376 deo
893 4287 1095 4402 viridisque
1107 4286 1292 4507 'senetiqq

1292 4442 1344 4506 ue
