2872 5176
271 342 344 471 96·
469 325 1119 442 P.V1ncru11Mauou1's

267 547 356 629 uec
373 526 626 629 Praenestinae
643 545 951 628 fundatorum
969 546 1082 646 urus,

267 684 440 768 Volcano
460 682 630 796 genitum
644 715 776 797 pecora
792 689 885 769 inter
902 687 1054 796 agrestia
1067 686 1211 796 regem,

268 825 546 935 Inventumque
558 825 664 927 focis,
674 826 797 907 omnis
812 852 928 933 quem
946 822 1218 922 credidita'etaa,
1238 823 1326 909 680

267 965 465 1050 Caeculus.
494 963 598 1048 hunc
613 966 711 1075 legio
723 965 793 1046 late
810 964 1008 1045 comitatur
1025 964 1198 1073 agrestina

269 1105 424 1215 Qique
435 1105 556 1186 altum
566 1104 758 1187 Praeneste
775 1103 858 1202 viri,
877 1102 1017 1212 quique
1028 1128 1112 1184 arva
1129 1102 1300 1184 Gabinae
1319 1146 1322 1151 ·

269 1244 442 1352 Junonis,
470 1242 712 1352 gelidumque
732 1243 938 1338 Anienem,
961 1242 1150 1324 etroscida
1163 1242 1249 1323 rivis

269 1384 438 1475 Hernica
453 1383 538 1465 saxa
549 1384 699 1479 colunt;
727 1408 834 1492 quos,
852 1378 955 1461 dives
969 1383 1154 1491 Anagnia,
1172 1381 1299 1493 pascis,

269 1525 389 1622 Quos,
405 1520 589 1604 Amasene
601 1540 716 1633 pater.
745 1547 821 1600 non
833 1518 905 1600 illis
918 1521 1093 1603 omnibus
1109 1550 1224 1623 arma,
1239 1525 1292 1607 68
1299 1551 1324 1634 5

270 1665 359 1745 Nec
377 1662 513 1773 clypei,
536 1662 710 1744 currusve
729 1661 869 1746 sonant.
897 1670 980 1771 pars'
996 1665 1163 1745 maxima
1179 1662 1344 1776 glander'

271 1800 437 1885 Liventis
454 1802 602 1913 plumbi
619 1803 771 1913 spargit:
802 1829 885 1914 pars
905 1802 1044 1911 spicula
1058 1787 1174 1911 gestat

271 1944 369 2024 Bina
378 1970 507 2043 manu,
539 1940 732 2049 fitlvosque
743 1939 824 2050 lupi
834 1940 881 2019 de
898 1939 994 2049 pelle
1014 1940 1155 2049 galeros

272 2080 449 2189 Tcgmen
467 2077 581 2161 habet
593 2079 726 2189 capiti:
757 2077 906 2186 vestigia
916 2064 1162 2161 nudastnistri

273 2219 467 2301 Institucre
486 2217 611 2328 pedis;
641 2216 779 2299 crudus
792 2216 882 2326 tegit
893 2215 1005 2298 altera
1021 2243 1123 2328 pero,
1243 2225 1330 2334 690

275 2363 331 2441 At
346 2342 697 2468 Messapur'equum
711 2356 887 2454 domitor,
916 2356 1111 2467 Neptunia
1122 2359 1258 2470 proles,

275 2500 406 2594 Quem
425 2481 547 2602 neque
564 2495 619 2575 fas
636 2494 714 2603 igni
728 2497 907 2605 cuiquam
924 2524 994 2600 nec
1013 2497 1172 2582 stemcre
1189 2500 1299 2601 ferm,

193 2684 196 2689 -
275 2633 512 2748 jampridem
531 2634 841 2747 resrdespopulos,
873 2636 1091 2746 desuetaque
1114 2638 1216 2722 bello

277 2775 456 2884 Agmina,
478 2774 517 2857 in
530 2802 635 2856 arma
651 2792 758 2856 vocat
773 2775 905 2877 subit0‚
924 2775 1141 2888 ferrumque
1154 2784 1331 2863 retractat.

277 2915 335 2997 Hi
356 2915 597 2996 Fescenninas
615 2916 722 3012 acies,
752 2915 962 3026 aequusque
975 2916 1145 3017 Faliscos,
1247 2917 1300 3030 69
1308 2951 1330 3031 5

277 3054 336 3151 Hi
348 3054 502 3133 soranis
520 3052 657 3133 habent
673 3080 785 3151 arces,
814 3052 1053 3162 Flaviniaque
1067 3083 1165 3156 arva,

277 3194 331 3272 Et
342 3191 485 3273 Cimini
497 3220 588 3273 cum
605 3210 734 3273 monte
747 3188 885 3290 lacum,
917 3192 1090 3303 lucosque
1102 3199 1284 3305 Capenos.

278 3330 387 3411 Ibant
404 3331 548 3440 aequati
565 3320 738 3427 numeru,
771 3358 972 3440 regemque
985 3335 1184 3417 canebantt

277 3470 362 3550 Ceu
375 3469 566 3576 quondam
578 3469 675 3550 nivei
687 3468 826 3577 liquida
844 3472 938 3551 inter
947 3472 1075 3553 nubila
1092 3476 1213 3581 cycni,

279 3610 384 3689 Cum
401 3609 471 3690 sese
490 3638 512 3690 c
529 3608 634 3720 pastu
652 3609 829 3709 referunt,
861 3630 898 3692 et
916 3613 1028 3723 longa
1048 3641 1201 3695 canoros
1247 3647 1333 3730 700

232 3706 384 3869 Nsirint
398 3778 465 3861 per-
480 3751 576 3831 colla
591 3753 745 3848 modos,
775 3752 877 3834 sonat
889 3755 1020 3847 amniS,
1050 3771 1087 3835 et
1115 3755 1202 3837 Asta
1227 3756 1338 3867 longe

280 3890 387 3972 Pulsa
406 3891 522 4003 palus.

278 4031 366 4133 Nec
386 4020 583 4142 quisquam
596 4052 729 4114 aeratas
756 4036 850 4116 acies
870 4064 918 4117 ex
935 4038 1083 4146 agmine
1101 4057 1204 4119 tanto

280 4167 432 4252 Misceri
451 4176 576 4283 p'utct3
607 4173 830 4261 atriamsed
843 4177 986 4286 gurgite
1011 4178 1058 4258 ab
1082 4176 1158 4262 alto

1205 4311 1341 4422 Urgeri
