2872 5176
309 331 374 460 78
503 332 554 426 Ρ..
588 332 853 426 Vinctum
890 330 1171 437 Maeonis

307 537 456 619 Saturni
479 556 644 646 gentem,
670 537 773 621 haud
790 540 915 624 vinclo
935 571 1006 625 nec
1023 543 1167 656 legibus
1185 576 1362 660 aequam,

304 680 445 789 Sponte
462 677 525 759 sua
540 678 743 789 veterisque
755 681 816 762 dei
829 683 866 764 se
882 710 990 766 more
1007 702 1209 772 tenentem.
1244 736 1247 743 ·

303 822 433 928 Atque
452 819 632 928 equidem
643 822 818 924 memini,
831 821 933 904 fama
950 823 1004 904 est
1024 825 1214 911 obscurior
1226 832 1346 934 annis,

303 964 505 1045 Auruncos
516 960 567 1041 ita
579 960 674 1042 serre
687 961 801 1058 senes,
821 961 881 1044 his
894 982 995 1046 ortus
1012 969 1164 1077 utagris
1288 973 1374 1055 20⁶

303 1101 502 1184 Dardanus
510 1100 636 1181 Idaeas
648 1098 833 1209 Phrygiae
852 1105 1051 1211 penetrarit
1068 1109 1115 1188 ad
1134 1108 1257 1208 urbes,

301 1243 603 1351 Threiciamque
638 1243 807 1340 Samum,
853 1272 950 1353 quae
981 1273 1084 1329 nunc
1121 1249 1376 1334 Samothracia

482 1380 610 1462 fertur.

298 1525 405 1606 Hinc
425 1521 550 1620 illum,
570 1522 689 1601 Coriti
702 1519 901 1630 Tyrrhena
917 1523 965 1604 ab
984 1524 1068 1608 sede
1080 1526 1308 1636 profestum,

299 1670 425 1748 Aurea
444 1692 545 1746 nunc
564 1662 655 1746 solio
677 1665 852 1745 stellantis
875 1667 975 1775 regia
1000 1668 1096 1750 coeli
1282 1702 1369 1760 210

296 1809 463 1917 Accipit,
484 1824 523 1887 et
541 1834 702 1886 nurnero
718 1806 892 1885 divorum
910 1806 1083 1889 altaribus
1100 1811 1215 1895 addit.

295 1948 478 2030 Dixerat:
509 1964 547 2027 et
564 1947 664 2028 dina
683 1945 845 2027 Ilioneus
863 1945 913 2025 stc
928 1973 1020 2028 voce
1031 1948 1199 2036 secutusz

248 2146 252 2151 -
295 2087 397 2184 Rex,
414 2114 529 2196 genus
546 2085 739 2197 egregium
750 2085 885 2183 Fauni,
904 2113 974 2166 nec
993 2085 1172 2171 fluctibus
1190 2095 1292 2176 anos

295 2229 391 2311 Atra
408 2226 550 2336 subegit
568 2223 703 2335 hyems
720 2223 846 2306 vestris
859 2223 1052 2308 succedere
1070 2230 1198 2328 terris;

294 2368 384 2449 Nec
400 2364 498 2446 fidus
518 2365 669 2473 regione
685 2364 766 2444 viae
781 2362 911 2444 litusve
934 2363 1081 2446 fefellit.
1279 2397 1365 2482 215

293 2505 460 2587 Consilio
474 2501 572 2585 hanc
589 2533 722 2586 omnes
735 2503 942 2612 animisque
959 2507 1168 2588 volentibus
1186 2509 1321 2590 urbem

291 2645 513 2745 Afferimur,
533 2645 628 2755 pulli
646 2646 781 2754 regnis,
806 2672 903 2753 quae
922 2647 1092 2728 maxima
1109 2650 1304 2758 quondam

291 2790 476 2871 Extremo
492 2786 642 2868 veniens
660 2785 712 2867 sol
732 2785 930 2895 aspiciebat
945 2784 1130 2897 Olympo.

289 2932 356 3012 Ab
373 2933 467 3037 Jove
484 2930 712 3040 principium
734 2928 901 3037 generis,
923 2930 1017 3034 Jove
1032 2930 1207 3010 Dardana
1225 2932 1344 3038 pubes

290 3070 445 3152 Gaudet
464 3098 547 3153 avo.
579 3098 645 3150 rex
663 3068 738 3179 ipse
756 3071 860 3175 Jovis
881 3068 929 3149 de
946 3086 1056 3176 gente
1078 3070 1249 3178 suprema
1276 3099 1362 3157 220

288 3210 434 3290 Troius
447 3212 593 3289 Aeneas
608 3227 673 3289 tua
690 3233 758 3287 nos
770 3207 817 3288 ad
836 3207 967 3288 limina
978 3207 1089 3288 mitit.

288 3349 441 3455 Qanta
459 3376 526 3458 per
546 3348 675 3428 Idaeos
693 3347 805 3426 saevis
820 3344 936 3425 effusa
952 3346 1127 3455 Mycenis

287 3487 511 3600 Tempestas
525 3489 606 3570 ierit
623 3513 801 3597 campos;
820 3484 958 3594 quibus
984 3490 1086 3567 attus
1104 3504 1261 3596 uterque
1300 3494 1305 3498 ’

285 3632 461 3743 Europae
479 3650 592 3742 atque
609 3632 718 3712 Asiae
737 3629 821 3710 satis
838 3629 1068 3711 concurrerit
1088 3631 1210 3727 orbis,

283 3774 431 3870 Audiit,
446 3790 483 3855 et
500 3771 527 3854 fi
542 3800 658 3883 quem
678 3770 786 3851 tellus
799 3787 965 3851 extrema
981 3768 1102 3851 refuso
1269 3797 1323 3854 22
1332 3796 1355 3884 ς

284 3915 506 3996 Summovet
522 3940 676 4011 oceano,
693 3930 730 3993 et
747 3910 775 3991 fi
791 3938 907 4019 quem
926 3929 1073 3992 extenta
1091 3910 1288 4021 plagarum

282 4053 454 4157 Qatuor
472 4054 511 4132 in
525 4052 652 4133 medio
667 4049 811 4131 dirimit
824 4049 932 4159 plaga
951 4051 1036 4132 solis
1053 4052 1188 4158 iniquis

281 4193 438 4278 Diluvio
452 4221 500 4281 ex
515 4193 580 4280 illo
600 4212 657 4278 tot
673 4190 772 4276 valia
793 4218 858 4305 per
871 4222 1032 4306 aequora
1048 4194 1160 4291 vetti,

453 4324 459 4331 ’
1285 4329 1357 4411 Dis
