2872 5176
95 396 104 409 ⁸
175 286 278 415 264
380 230 433 391 P.
465 291 734 388 Vincam
769 288 1054 388 Minoa-ra

170 496 355 608 anue
369 496 477 580 orbe
490 492 646 607 expient·
663 484 787 594 curru,
804 466 1274 605 unumquempiam

171 640 279 739 Huc,
307 638 426 723 illuc:
456 664 581 747 neque
593 637 696 719 enim¹
714 634 809 717 levia
827 652 894 719 aut
908 632 1054 717 ludicra
1069 646 1265 748 petuntur

172 782 367 893 Praemia,
397 782 462 863 sed
472 779 739 864 Turnidevita
751 798 789 860 et
799 778 976 889 sanguine
988 796 1152 901 uertant.
1164 781 1228 897 76
1234 802 1276 903 ς-

234 926 352 1008 Forte
364 922 463 1007 saoer
477 922 611 1006 Fauno
623 922 722 1007 foliis
735 919 891 1004 oleaster
907 921 1044 1003 amarit
1115 898 1119 903 ⁵

174 1066 256 1151 Hic
266 1066 424 1165 steterat,
452 1067 573 1149 nautis
585 1064 682 1148 olim
699 1060 907 1145 venerabile
918 1060 1096 1173 lignum-r

175 1206 317 1291 Servati
328 1234 379 1289 ex
396 1206 508 1289 undis
528 1203 595 1287 ubi
616 1204 730 1315 figere
748 1203 849 1284 dona
866 1200 1033 1285 solebant

174 1346 355 1428 Laurenti
362 1344 467 1442 divo,
497 1361 536 1426 et
553 1362 655 1426 votas
671 1342 890 1456 suspendere
902 1342 1033 1429 vestes.

176 1482 252 1567 Sed
265 1482 420 1595 stirpem
430 1483 572 1565 Teucri
585 1482 693 1566 nullo
709 1482 1082 1567 discrhnirresacrum
1163 1508 1263 1597 770

178 1622 420 1725 Sustulerani,
460 1652 557 1735 puro
572 1645 617 1707 ut
632 1624 776 1738 possent
794 1640 1014 1707 concurrere
1030 1650 1189 1736 eampo.
1270 1660 1275 1668 ·

177 1762 263 1847 Hic
279 1763 386 1849 hassa
396 1766 549 1849 Aeneae
563 1766 703 1849 iubat:
736 1762 815 1846 huc
833 1765 996 1874 impetus
1008 1764 1116 1847 illam

178 1904 379 2005 Detulerat
392 1902 525 2005 fixam,
555 1926 595 1988 et
606 1905 706 1987 lenta
720 1904 1069 1989 inradicetenebat.

178 2042 374 2144 Incubuit,
404 2041 598 2156 voluitque
615 2072 734 2128 manu
748 2043 1113 2128 convellerefernam
1165 2074 1267 2160 774

180 2180 442 2285 Dardanides,
471 2183 623 2297 teloque
633 2185 749 2296 sequi,
792 2212 911 2296 quem
924 2185 1103 2296 prendere
1115 2184 1235 2293 cursu
1330 2214 1336 2223 ·

181 2326 279 2423 Non
293 2343 449 2437 poterat.
488 2346 573 2411 turn
590 2357 677 2413 vero
689 2357 819 2413 amens
837 2328 1039 2411 formidine
1051 2329 1230 2426 Turnus,

181 2466 326 2565 Faune,
341 2493 487 2577 precor,
506 2468 689 2568 miserere,
715 2469 858 2580 inquit;
885 2486 1003 2579 tuque
1013 2467 1160 2579 optima
1179 2466 1267 2551 fer.-

364 2636 455 2691 rum

184 2749 306 2830 Terra
323 2760 408 2832 t'ene
418 2791 432 2851 ;
464 2751 564 2833 colui
579 2752 715 2833 vostros
737 2750 923 2863 fisemper
941 2751 1115 2847 honores,

184 2894 296 2988 Quos
315 2912 443 2975 contra
460 2896 656 2976 Aeneadae
668 2895 769 2976 bello
789 2896 908 2976 fecere
920 2894 1107 3004 profanos.

186 3030 311 3129 Dixit,
343 3061 533 3144 opemque
549 3037 608 3115 dei
623 3064 700 3118 non
719 3012 811 3116 cassa
827 3038 866 3116 in
886 3052 971 3115 vota
989 3033 1145 3114 vocavit.
1168 3034 1264 3145 780

188 3172 385 3281 Namque,
415 3177 480 3257 diu
494 3176 638 3259 lustaus
657 3178 831 3286 lentoque
849 3179 886 3258 in
905 3176 1016 3285 stirpe
1032 3194 1221 3271 moratus,-

189 3312 344 3395 Viribus
358 3315 460 3397 haud
479 3319 565 3399 ullis
584 3318 698 3400 valuit
714 3319 918 3399 discludere
933 3316 1075 3397 morsus

190 3450 356 3539 Roboris
368 3456 528 3540 Aeneas.
556 3458 652 3540 dum
665 3457 794 3537 nititur
806 3485 890 3539 acer
907 3476 944 3537 et
956 3456 1076 3555 instat,
1192 3498 1197 3511 ·

190 3591 335 3675 Rursus
349 3592 389 3675 in
400 3595 547 3705 aurigae
563 3595 701 3678 faciem
716 3614 860 3680 mutata
870 3597 1034 3698 Metisci,
1062 3692 1064 3696 ¹
1174 3596 1270 3708 784

195 3730 400 3832 Procurrit,
431 3732 608 3844 fratrique
622 3736 761 3833 ensem,
792 3739 862 3818 dea
873 3737 1036 3841 Daunia,
1068 3733 1204 3821 reddit.

197 3871 315 3970 Quod
326 3871 456 3953 Venus
470 3875 599 3954 audaci
617 3874 809 3986 nymphae
825 3876 1013 3985 indignata
1023 3874 1147 3973 licere,

198 4010 376 4112 Acceffit,
408 4012 603 4122 telumque
617 4014 691 4097 alta
707 4017 754 4097 ab
771 4019 894 4099 radice
911 4016 1065 4104 revellit.
1089 4072 1096 4087 ι

203 4148 299 4249 Olli,
323 4150 499 4237 sublimes
514 4153 640 4255 armis,
671 4158 876 4269 animisque
889 4157 1032 4262 refesti,

1187 4294 1273 4379 Hic
