2872 5176
448 313 765 433 Annntnos
799 334 920 434 Lrn.
951 333 1011 434 X.
1154 347 1254 474 193'

183 535 301 620 Nunc
320 539 449 624 adfint.
481 567 599 622 voveo
617 539 811 650 praedonis
827 567 981 650 corpore
996 543 1108 652 raptis

183 681 364 761 Indutum
374 681 497 792 spoliis
517 681 640 791 ipsum
657 699 706 777 te,
737 679 868 779 Lause,
901 668 1102 793 tropaeum¹
1156 718 1213 806 77
1219 719 1244 803 ς

182 821 343 904 Aeneae.
375 820 481 917 dixit,
512 818 802 928 stridentemque
815 821 963 916 eminus
976 821 1126 907 hastam

181 959 305 1066 Jecit:
336 976 374 1039 at
386 958 449 1039 illa
462 956 588 1039 volans
606 957 740 1068 clypeo
760 958 813 1040 est
832 959 991 1059 excussa,
1039 963 1245 1076 proculque

180 1096 388 1206 Egregium
405 1098 590 1177 Amorem
612 1096 707 1177 latus
724 1097 818 1176 inter
833 1115 871 1177 et
888 1094 951 1176 ilia
968 1096 1073 1207 figit:

181 1233 356 1316 Herculis
376 1239 562 1327 Antotem
581 1237 775 1334 comitem,
807 1237 873 1344 qui
888 1235 1016 1318 miffus
1032 1237 1081 1319 ab
1101 1240 1214 1351 Argis

182 1370 359 1458 Haeserat
370 1377 557 1473 Evandro,
571 1394 683 1484 atque
703 1374 795 1456 Itala
807 1371 1018 1460 consederat
1031 1374 1134 1463 urbe.
1156 1366 1254 1498 780¹

182 1519 361 1598 Sternitur
379 1517 510 1598 infelix
527 1517 648 1596 alieno
665 1515 828 1617 volnere,
859 1518 1086 1629 coelumque

182 1655 339 1764 Aspicit,
378 1670 416 1734 et
433 1653 561 1734 dulces
579 1655 741 1733 moriens
758 1656 1003 1745 reminiscitur
1028 1660 1163 1768 Argos.

183 1798 291 1877 Tum
305 1796 389 1909 pius
406 1799 551 1878 Aeneas
570 1793 715 1876 hastam
727 1795 837 1903 jacit:
869 1793 933 1876 illa
949 1826 1015 1907 per
1034 1800 1167 1883 orbem

182 1937 282 2017 Aere
299 1963 435 2016 cavum
455 1935 602 2047 triplici,
634 1963 699 2046 per
717 1934 814 2015 linea
831 1952 945 2044 terga,
976 1937 1164 2050 tribusque

182 2076 346 2157 Tranfiit
359 2076 546 2157 intextum
563 2078 675 2156 tauris
693 2104 799 2185 opus,
821 2068 983 2186 ¹imaque
1002 2077 1094 2160 sedit
1155 2082 1210 2196 78
1218 2110 1243 2198 5

182 2217 352 2324 Inguine,
381 2214 446 2297 sed
458 2217 552 2297 vires
569 2214 670 2296 haud
683 2214 845 2325 pertulit.
877 2217 981 2297 ocius
1000 2206 1127 2301 ensem

181 2356 341 2450 Aeneas,
369 2351 445 2432 viso
463 2352 652 2462 Tyrrheni
663 2352 837 2461 sanguine
857 2352 983 2454 laetus,
1079 2350 1082 2354 ’

180 2493 303 2602 Eripit
320 2520 341 2572 a
358 2491 513 2589 femore,
546 2510 583 2574 et
594 2492 789 2602 trepidanti
802 2492 965 2575 fervidus
979 2493 1099 2578 instat.

181 2631 370 2741 Ingemuit
383 2631 458 2711 cari
471 2631 626 2739 graviter
642 2631 815 2742 genitoris
831 2658 970 2730 amore,
1057 2645 1065 2657 '

180 2773 237 2850 Ut
249 2771 354 2866 vidit,
367 2769 520 2870 Lausus,
541 2770 800 2881 lacrymaeque
815 2800 880 2883 per
899 2800 964 2853 ora
974 2771 1132 2856 volutae.
1154 2799 1242 2884 790
1376 2830 1379 2835 -

180 2912 259 2992 Hic
278 2911 408 2991 mortis
425 2911 539 2991 durae
558 2911 698 3010 casum,
728 2930 865 3020 tuaque
883 2912 1026 3019 optima
1044 2912 1153 3007 fasta,

180 3053 218 3133 Si
247 3077 323 3160 qua
335 3049 451 3130 fidem
469 3068 570 3130 tanto
589 3050 641 3130 est
660 3051 763 3160 operi
782 3049 898 3130 latura
916 3051 1085 3149 vetustas,

178 3192 272 3270 Non
290 3190 479 3299 equidem,
510 3218 580 3270 nec
594 3206 642 3288 te,
670 3191 817 3299 juvenis
830 3188 1084 3286 memorande,
1116 3186 1241 3268 filebo.

178 3328 248 3409 Ille
265 3328 402 3439 pedem
415 3326 587 3425 referens,
619 3346 656 3409 et
677 3325 814 3408 inutilis
832 3325 945 3435 inque
963 3324 1107 3434 ligatus,
1275 3304 1280 3319 ’

178 3467 358 3567 Cedebat,
371 3466 578 3579 clypeoque
600 3467 799 3547 inimicum
813 3462 943 3543 hastile
960 3462 1137 3547 trahebat.
1154 3492 1209 3578 79
1217 3489 1241 3573 ς

178 3603 516 3714 Prorupitjuvenis‚
548 3603 694 3710 seseque
708 3599 912 3682 immiscuit
928 3601 1059 3682 armis:

180 3744 342 3851 Jamque
361 3740 575 3850 assurgentis
595 3741 757 3839 dextrae,
787 3740 1013 3850 plagamque
1034 3737 1182 3819 ferentis

156 3983 159 3989 Ι
180 3883 330 3963 Aeneae
341 3880 451 3962 subiit
467 3906 703 3991 mucronem,
734 3876 932 3989 ipsumque
946 3877 1128 3958 morando

181 4020 370 4102 Sustinuit.
402 4019 490 4100 socii
508 4045 647 4129 magno
665 4018 828 4098 clamore
845 4016 1061 4125 sequuntur,
1231 4094 1233 4099 .

179 4160 289 4241 Dum
302 4158 444 4266 genitor
457 4155 532 4239 nati
550 4182 678 4265 parma
690 4157 877 4265 protectus
892 4153 1034 4239 abiret:
1157 4151 1242 4232 800

241 4299 363 4411 Toou.
393 4297 448 4413 11,
766 4294 804 4373 0
986 4288 990 4295 ’
1075 4286 1248 4396 Telaque
