2872 5176
349 419 978 526 Aruernoers.XI.
1091 439 1183 530 arr

121 627 288 713 Centum
308 641 468 707 matures
487 624 609 733 prima
626 624 673 704 de
693 640 802 730 gente
820 625 973 707 Latinos
1071 644 1074 650 ’

122 770 181 847 Ire
198 764 332 875 placet,
363 763 537 874 pacisque
556 791 672 843 manu
690 762 926 869 praetendere
943 783 1093 868 ramos3

124 906 289 987 Munera
309 923 492 1016 portatrtes
512 904 667 1012 aurique
685 902 889 1011 eborisque,
922 907 1070 1005 talenta,

121 1049 174 1132 Et
191 1046 332 1145 sellam,
363 1044 468 1154 regni
480 1047 720 1152 trabeamque
738 1041 892 1150 iufignia
908 1046 1036 1132 nostri.

121 1185 312 1271 Consulite
324 1187 363 1272 in
377 1184 561 1279 medium,
575 1200 613 1264 et
627 1182 736 1263 rebus
748 1181 945 1266 succurrite
955 1185 1064 1268 feffis.
1099 1218 1149 1300 33
1159 1216 1184 1301 ς

183 1328 294 1428 Turn
308 1327 474 1411 Drances
486 1324 589 1406 idem
600 1321 775 1420 infensus,
796 1349 913 1431 quem
934 1325 1049 1435 gloria
1063 1329 1187 1411 Turni

120 1466 289 1576 Obliqua
303 1466 442 1549 invidia
460 1463 690 1573 stimulisque
705 1463 865 1571 agitabat
882 1469 1028 1567 arsuris,
1176 1476 1180 1490 '

119 1608 262 1712 Largus
274 1632 406 1715 opum,
438 1622 476 1684 et
494 1601 777 1711 linguamelior,
808 1602 869 1685 sed
880 1604 1015 1714 frigida
1023 1607 1128 1691 bello

122 1746 300 1842 Dextera,
331 1742 492 1827 bonfiliis
509 1741 657 1825 habitus
674 1769 750 1823 non
769 1739 885 1824 futilis
896 1749 1038 1847 audior,

125 1885 312 1966 deditione
330 1900 473 1993 potens,
505 1908 622 1993 genus
633 1881 724 1963 huic
742 1896 907 1963 materna
926 1883 1128 1996 supn'btun

122 2020 315 2102 Nobilitas
328 2020 451 2119 dabat,
479 2021 665 2104 incertum
678 2019 726 2102 de
736 2034 839 2127 patre
851 2016 1004 2127 ferebat,
1098 2048 1179 2137 341

123 2161 259 2269 Surgit,
292 2176 332 2243 et
345 2157 405 2242 his
420 2180 548 2243 onerat
560 2160 679 2256 diuis,
706 2176 819 2268 atque
837 2180 986 2267 aggerat
1003 2164 1110 2249 iras:>

122 2298 225 2379 Rern
247 2297 564 2399 nulliobseuram,
595 2297 823 2380 nostraene
838 2298 938 2380 vocis
951 2320 1137 2408 egentem,

124 2435 311 2538 Consulis,
343 2438 485 2521 obone
501 2467 579 2521 rex.
608 2436 736 2522 cunni
750 2436 786 2519 se
800 2435 889 2519 seire
902 2436 1074 2540 fateumr,

123 2575 230 2681 Qid
248 2575 397 2658 fortuna
412 2576 506 2661 ferat
523 2577 667 2691 populi,
699 2575 760 2661 sed
773 2575 896 2661 dicere
907 2577 1078 2682 muffint.
1096 2609 1151 2695 34
1158 2606 1183 2695 5

123 2718 201 2798 Det
218 2717 425 2801 libertatem
443 2720 559 2818 fandi,
591 2719 768 2828 flatusque
784 2720 958 2818 remittat,
1175 2734 1177 2738 ’

123 2857 241 2964 Cujus
252 2858 303 2937 ob
321 2839 528 2968 auspiciurii
542 2861 744 2942 infaustum
764 2860 1139 2969 moresquefinistros,

116 2997 258 3078 Dicam
272 3001 463 3107 equidem,
501 3002 587 3084 licet
604 3020 707 3106 arma
725 2997 821 3081 mihi
845 3019 1083 3113 mortemque
1102 3002 1180 3085 mi·

309 3156 429 3237 netur,

121 3278 287 3359 Lumina
303 3296 359 3359 tot
371 3280 539 3363 cecidisse
556 3282 711 3380 ducum,
741 3298 936 3389 totamque
954 3278 1124 3363 videmus

123 3418 335 3501 Consediffe
356 3423 489 3504 urbem
508 3422 640 3522 ludiu3
672 3423 768 3506 dum
786 3422 907 3503 Troia
918 3437 1034 3503 tentat
1097 3430 1183 3532 350

123 3558 264 3662 Castra,
298 3560 409 3669 fugae
423 3564 552 3662 fidens,
583 3582 621 3647 et
640 3563 790 3646 coelum
806 3561 945 3643 territat
958 3560 1084 3644 armis.
1179 3568 1182 3572 ’

126 3699 260 3781 Unum
274 3701 503 3783 etiamdonis
521 3703 608 3802 istis,
641 3731 736 3813 quae
752 3702 913 3811 plurima
927 3701 1026 3780 mitti
1179 3709 1184 3721 '

122 3836 345 3920 Dardanidis
362 3841 641 3951 diciquejubes‚
668 3870 802 3939 unum,
835 3839 979 3950 optime
997 3864 1144 3946 regum,

125 3979 312 4086 Adjicias3
344 4009 413 4064 nee
432 4000 469 4064 te
484 3984 594 4066 ullius
607 3982 779 4067 violentia
796 3983 930 4078 vincat,
1097 4003 1188 4088 334

124 4119 231 4217 Quin
249 4139 375 4206 natam
387 4124 535 4234 egregio
547 4152 684 4234 genero
700 4121 893 4232 dignisque
910 4116 1127 4228 hymenaeis

124 4261 205 4361 Des
223 4282 337 4371 pater,
367 4285 406 4347 et
421 4293 555 4377 pacem
570 4263 670 4347 hanc
689 4282 837 4369 aeterno
848 4259 996 4342 foedere
1010 4259 1155 4366 jungas.
