2872 5176
345 336 447 428 124
546 299 877 404 Evandrum
912 297 1192 402 Maaoure

340 504 509 595 Abstulit
532 502 627 585 haec
648 503 789 585 animas
810 501 952 603 dextra,
984 524 1023 586 et
1042 508 1201 589 totidem
1223 511 1414 597 exuit-ari

525 674 632 729 nus.-

247 872 250 881 .
339 792 437 878 Non
451 814 523 901 ego
534 815 636 871 nunc
648 786 752 870 dulci
762 789 941 901 amplexu
957 790 1150 872 divellerer
1162 792 1333 903 usquam,
1404 830 1412 841 ·

296 944 300 953 ’
338 952 456 1051 Nate,
476 965 564 1045 tuo;
596 973 719 1056 neque
729 944 913 1027 finitimus
928 946 1146 1029 Mezentius
1160 949 1333 1059 usquam,

339 1092 448 1177 Huic
461 1090 573 1201 capiti
586 1087 775 1188 insultans,
795 1104 853 1170 tot
871 1088 971 1171 ferro
983 1088 1086 1171 saeva
1103 1091 1257 1174 dedisset
1320 1124 1410 1212 570

338 1230 500 1331 Funera,
530 1246 611 1313 tam
629 1228 758 1310 multis
769 1227 948 1309 viduasset
964 1230 1108 1312 civibus
1126 1230 1274 1313 urbem.

339 1374 398 1457 At
417 1398 496 1470 vos,
520 1370 694 1481 osuperi,
725 1386 764 1452 et
787 1369 922 1451 divum
938 1389 981 1450 tu
998 1371 1167 1454 maxime
1187 1376 1308 1457 redint

338 1515 502 1625 Jupiter,
534 1513 687 1595 Arcadii
704 1513 841 1623 quaeso
850 1512 1069 1595 miserescite
1086 1513 1194 1624 regis,

338 1658 394 1742 Et
402 1658 536 1771 patrias
545 1656 671 1738 audite
689 1683 828 1767 preces.
859 1657 887 1737 sr
902 1656 1059 1739 numina
1076 1657 1208 1763 vestra,

338 1800 582 1883 Incolumem
601 1797 767 1879 Pallanta
783 1795 882 1880 mihi
897 1798 923 1878 fi
938 1798 1013 1880 fata
1033 1799 1240 1900 reservant,
1317 1830 1373 1919 57
1381 1833 1407 1918 5

339 1942 382 2021 Si
408 1939 548 2022 visurus
562 1966 655 2020 eum
671 1940 769 2039 vivo,
802 1956 840 2019 et
856 1957 1032 2022 venturus
1044 1942 1084 2020 in
1102 1969 1246 2041 unum;
1280 1952 1283 1957 '

338 2080 473 2163 Vitam
483 2108 569 2163 oro:
602 2079 717 2190 patiar
736 2078 908 2189 quemvis
925 2080 1057 2161 durare
1074 2080 1256 2166 laborem.

339 2220 406 2304 Sin
420 2218 587 2332 aliquem
603 2218 802 2302 infandum
815 2218 954 2317 casum,
985 2218 1147 2320 fortuna,
1175 2220 1326 2302 minaris
1333 2260 1347 2320 ;

339 2363 473 2461 Nunc,
505 2390 530 2443 o
551 2388 652 2442 nunc
670 2359 779 2442 liceat
795 2359 988 2441 crudelem
1005 2361 1228 2474 abrumpere
1248 2362 1378 2461 vitam,

340 2503 454 2585 Dum
464 2529 574 2584 curae
589 2502 801 2612 ambiguae,
819 2501 915 2583 dum
930 2502 1010 2610 spes
1028 2502 1167 2583 incerta
1179 2502 1307 2603 futuri,
1320 2506 1407 2615 580

339 2644 454 2727 Dum
470 2662 520 2742 te,
553 2671 635 2725 care
656 2671 762 2755 puer,
795 2671 880 2724 mea
897 2641 973 2723 sera
990 2661 1027 2722 et
1044 2642 1119 2724 sola
1146 2645 1327 2756 voluptas,

339 2784 557 2897 Complexu
572 2801 704 2867 teneo:
736 2784 942 2894 graviorne
962 2786 1119 2865 nuncius
1140 2813 1246 2868 aures

338 2928 533 3011 Vulneret.
562 2928 655 3010 haec
674 2929 819 3038 genitor
833 2924 993 3034 digressu
1012 2924 1110 3007 dieta
1124 2924 1300 3035 supremo

337 3068 556 3151 Fundebat:
588 3068 722 3149 famuli
742 3064 947 3175 collapsum
967 3066 1007 3144 in
1026 3068 1123 3145 tedia
1140 3065 1319 3154 ferebant.

400 3210 564 3319 Jamque
582 3208 675 3289 adeo
693 3209 831 3289 exierat
851 3206 964 3315 portis
984 3205 1169 3314 equitatus
1189 3207 1345 3316 apertis;

303 3376 310 3387 ·
338 3347 487 3432 Aeneas
497 3349 592 3428 inter
606 3349 759 3457 primos,
790 3363 827 3426 et
847 3343 943 3425 fidus
963 3345 1146 3427 Achates:
1317 3347 1404 3459 586

336 3486 434 3568 lude
447 3486 509 3567 alii
526 3488 664 3595 Trojae
679 3512 865 3595 proceres:
898 3484 974 3594 ipse
992 3488 1142 3593 agmine
1162 3484 1282 3567 Pallas

337 3627 386 3709 In
399 3624 540 3724 medic,
573 3624 776 3733 chlamyde
806 3640 845 3704 et
870 3624 977 3733 pictis
991 3625 1208 3735 conspectus
1220 3627 1261 3706 in
1278 3625 1407 3711 armis.

336 3764 470 3872 Qalis
484 3764 550 3845 ubi
570 3766 697 3847 oceani
710 3763 878 3875 perfusus
898 3764 1051 3847 Lucifer
1070 3767 1182 3863 unda,

336 3906 469 4009 Qem
489 3906 619 3986 Venus
633 3922 718 3986 ante
738 3905 829 3987 alios
839 3904 1022 3986 astrorum
1034 3904 1156 4014 diligit
1166 3906 1282 4015 ignes,
1318 3932 1408 4015 590

334 4041 484 4129 Extulit
499 4070 541 4125 os
560 4043 705 4125 sacrum
717 4042 836 4143 coelo,
868 4043 1109 4156 tenebrasque
1127 4042 1285 4126 resolvit.

336 4184 441 4275 Stant
452 4183 607 4298 pavidae
624 4184 795 4275 itmurit
809 4203 961 4293 matres,
992 4184 1183 4301 oculisque
1201 4184 1408 4301 sequuntur

1310 4318 1408 4404 Pul.
