2872 5176
268 352 337 475 ⁶9
494 337 1174 453 nv11201u112Mnron12

263 549 511 637 Contendunt
529 546 636 646 ludo,
655 565 693 628 et
717 543 821 627 fulva
846 542 1032 633 tueantur
1044 560 1181 633 arena:
1340 576 1348 643 ε

262 696 356 778 Pars
374 692 532 806 podibus
548 687 734 802 plaudunt
746 685 916 786 choreas,
935 702 974 769 et
982 689 1152 772 earmina
1167 691 1314 783 dieunt.

263 800 431 920 Necnon
448 831 653 945 Threicius
671 830 785 938 longa
802 854 895 909 cum
912 825 1012 909 vesle
1027 827 1194 918 sacerdos
1254 841 1314 947 64
1319 865 1345 952 ς

262 975 498 1087 obloquitur
516 972 684 1055 numeris
699 970 843 1080 septem
860 967 1074 1054 discrimina
1098 998 1266 1082 vocum:
1315 993 1319 1000 '

262 1115 431 1226 Jamque
446 1112 581 1195 eadem
596 1110 734 1220 digitis,
752 1109 836 1218 jam
856 1106 1005 1220 pectine
1018 1109 1139 1219 pulsat
1155 1115 1314 1204 eburno.

262 1257 345 1365 Hic
363 1283 482 1369 genus
502 1253 703 1363 antiquum
722 1250 879 1350 Teucri,
899 1247 1155 1361 pulcherrima
1175 1257 1314 1370 proles,
1342 1316 1345 1321 -

257 1395 508 1509 ‘Magnanimi
519 1392 663 1495 hero‘e's,
682 1392 760 1473 nati
777 1389 999 1475 melioribus
1010 1393 1130 1494 annis,
1254 1402 1344 1510 649

262 1534 429 1649 Ilusque,
445 1531 725 1644 Affnacusque,
744 1550 782 1613 et
796 1530 935 1641 Trojae
950 1531 1151 1618 Dardanus
1167 1539 1311 1625 auctor.

263 1677 388 1797 Apma
404 1673 550 1791 procul,
569 1674 771 1785 currusque
788 1672 914 1754 virum
931 1673 1089 1756 miratur
1107 1675 1248 1764 inanes.

262 1817 370 1900 Stant
387 1832 484 1911 terra
499 1812 645 1896 defixae
662 1810 802 1911 hastae,
822 1812 1031 1923 paffimque
1049 1811 1160 1896 soluti
1209 1904 1213 1915 ,

263 1956 338 2042 Per
357 1983 513 2070 campos
531 1953 730 2066 pascuntur
743 1951 846 2062 equi.
878 1979 975 2064 quae
994 1955 1112 2063 gratia
1128 1982 1285 2040 currum

264 2091 648 2205 Annorumquefuit
660 2092 765 2193 vivis,
784 2117 881 2201 quae
898 2118 989 2173 cura
1006 2093 1165 2178 nitentes

180 2259 189 2280 ·
263 2237 418 2323 Poscere
434 2263 563 2348 equos,
582 2235 715 2317 eadem
733 2233 899 2344 sequitur
910 2233 1042 2318 tellure
1055 2237 1231 2349 repostos.
1254 2242 1279 2322 6
1287 2268 1310 2352 5
1318 2268 1343 2352 5

261 2377 471 2489 Conspicit,
482 2403 584 2473 ecce,
602 2376 693 2458 alios
712 2373 841 2479 dextra
859 2372 1035 2487 laevaque
1052 2405 1120 2488 per
1136 2377 1296 2461 herbam

262 2515 482 2617 Vescentes,
498 2514 714 2625 laetumque
732 2512 849 2595 choro
868 2543 1008 2625 paeana
1035 2536 1222 2618 canentes,

264 2655 369 2739 Inter
380 2655 581 2754 odoratum
598 2654 692 2737 lauri
720 2682 883 2737 nemus:
915 2657 1016 2737 unde
1034 2656 1193 2770 superne

261 2791 453 2880 Plurimus
466 2796 620 2879 Eridani
644 2824 710 2906 per
730 2795 872 2905 sylvam
888 2797 1052 2881 volvitur
1070 2802 1219 2889 amnis..

187 2970 192 2977 ·
262 2934 556 3035 Hicmanus,ob
571 2939 731 3047 patriam
743 2940 945 3049 pugnando
959 2941 1112 3023 vulnera
1128 2944 1232 3053 paffi,
1253 2947 1341 3030 660

262 3078 419 3187 Qique
436 3077 638 3159 sacerdotes
657 3079 759 3177 casti,
781 3080 876 3160 dum
891 3083 964 3162 vita
986 3086 1175 3186 manebat,

264 3216 418 3327 Qique
437 3216 491 3329 pii
509 3235 621 3319 vates,
645 3237 683 3301 et
700 3217 858 3301 Phoebo
875 3223 988 3331 digna
1009 3223 1138 3324 locuti,

263 3357 437 3460 Inventas
455 3375 519 3436 aut
536 3357 603 3466 qui
620 3359 737 3440 vitam
751 3359 947 3442 excoluere
963 3391 1029 3473 per
1047 3384 1155 3467 artes,

264 3496 420 3609 Qique
440 3495 494 3576 sui
512 3525 701 3581 memores
717 3499 809 3580 alios
823 3499 944 3582 fecere
963 3479 1170 3588 merendo:

111 3652 116 3662 '
265 3635 459 3717 Omnibus
476 3632 535 3716 his
547 3638 655 3722 nivea
675 3639 875 3748 cinguntur
893 3658 1064 3751 tempora
1082 3640 1185 3725 vitta.
1250 3649 1307 3728 66
1314 3671 1339 3758 5

261 3779 371 3885 Qos
388 3776 633 3877 circumfusos
645 3780 693 3861 fic
707 3780 761 3861 est
778 3778 888 3861 affata
905 3781 1057 3890 Sibylla,

263 3916 469 4025 Musaeum
486 3935 571 4000 ante
583 3947 714 4002 omnes
729 3962 742 4021 3
763 3922 935 4023 medium
952 3950 1043 4004 nam
1056 3920 1220 4033 plurima
1233 3927 1344 4012 turba

265 4055 384 4157 Hunc
397 4054 523 4158 habet,
543 4074 654 4170 atque
670 4056 840 4143 humeris
856 4079 1048 4145 extantem
1059 4061 1209 4177 suspicit
1219 4065 1321 4151 altis:
1338 4165 1341 4170 ,

267 4195 408 4297 Dicite,
420 4193 547 4282 felices
560 4197 722 4306 animae,
736 4219 867 4314 tuque,
884 4203 1182 4333 optimesates,
1260 4192 1264 4197 ¹

1230 4304 1344 4465 Qe'
