<?xml version="1.0" encoding="UTF-8"?>
<!DOCTYPE html PUBLIC "-//W3C//DTD XHTML 1.0 Transitional//EN"
    "http://www.w3.org/TR/xhtml1/DTD/xhtml1-transitional.dtd">
<html xmlns="http://www.w3.org/1999/xhtml" xml:lang="en" lang="en">
 <head>
  <title>
</title>
<meta http-equiv="Content-Type" content="text/html;charset=utf-8" />
  <meta name='ocr-system' content='tesseract 3.04.00' />
  <meta name='ocr-capabilities' content='ocr_page ocr_carea ocr_par ocr_line ocrx_word'/>
</head>
<body>
  <div class='ocr_page' id='page_1' title='image "./publiivirgiliim00schegoog/publiivirgiliim00schegoog_0214.png"; bbox 0 0 2872 5176; ppageno 0'>
   <div class='ocr_carea' id='block_1_1' title="bbox 338 352 1171 484">
    <p class='ocr_par' dir='ltr' id='par_1_1' title="bbox 338 352 1171 484">
     <span class='ocr_line' id='line_1_1' title="bbox 338 352 1171 484; baseline 0.007 -36"><span class='ocrx_word' id='word_1_1' title='bbox 338 356 688 449; x_wconf 73' lang='lat' dir='ltr'>Aruernos</span> <span class='ocrx_word' id='word_1_2' title='bbox 725 352 853 447; x_wconf 77' lang='lat' dir='ltr'>er.</span> <span class='ocrx_word' id='word_1_3' title='bbox 880 354 963 448; x_wconf 84' lang='lat' dir='ltr'>IX.</span> <span class='ocrx_word' id='word_1_4' title='bbox 1075 386 1171 484; x_wconf 83' lang='lat'>157</span> 
     </span>
    </p>
   </div>
   <div class='ocr_carea' id='block_1_2' title="bbox 51 554 1191 4309">
    <p class='ocr_par' dir='ltr' id='par_1_2' title="bbox 104 554 980 658">
     <span class='ocr_line' id='line_1_2' title="bbox 104 554 980 658; baseline -0.007 -14"><span class='ocrx_word' id='word_1_5' title='bbox 104 558 307 655; x_wconf 81' lang='lat' dir='ltr'><strong>Pandarus,</strong></span> <span class='ocrx_word' id='word_1_6' title='bbox 342 576 381 638; x_wconf 90' lang='lat' dir='ltr'>et</span> <span class='ocrx_word' id='word_1_7' title='bbox 393 556 518 655; x_wconf 88' lang='lat' dir='ltr'>Bitias,</span> <span class='ocrx_word' id='word_1_8' title='bbox 550 556 663 636; x_wconf 88' lang='lat' dir='ltr'>Idaeo</span> <span class='ocrx_word' id='word_1_9' title='bbox 677 554 864 637; x_wconf 88' lang='lat' dir='ltr'>Alcanore</span> <span class='ocrx_word' id='word_1_10' title='bbox 876 559 980 658; x_wconf 91' lang='lat' dir='ltr'>creti,</span> 
     </span>
    </p>

    <p class='ocr_par' dir='ltr' id='par_1_3' title="bbox 104 694 902 806">
     <span class='ocr_line' id='line_1_3' title="bbox 104 694 902 806; baseline -0.006 -25"><span class='ocrx_word' id='word_1_11' title='bbox 104 704 213 800; x_wconf 88' lang='lat' dir='ltr'>Quos</span> <span class='ocrx_word' id='word_1_12' title='bbox 226 698 330 806; x_wconf 92' lang='lat' dir='ltr'>Jovis</span> <span class='ocrx_word' id='word_1_13' title='bbox 343 697 473 777; x_wconf 86' lang='lat' dir='ltr'>eduxit</span> <span class='ocrx_word' id='word_1_14' title='bbox 485 695 572 776; x_wconf 88' lang='lat' dir='ltr'>luco</span> <span class='ocrx_word' id='word_1_15' title='bbox 591 694 758 775; x_wconf 80' lang='lat' dir='ltr'>slvestris</span> <span class='ocrx_word' id='word_1_16' title='bbox 771 695 902 795; x_wconf 88' lang='lat' dir='ltr'>Hiera,</span> 
     </span>
    </p>

    <p class='ocr_par' dir='ltr' id='par_1_4' title="bbox 96 835 1175 1504">
     <span class='ocr_line' id='line_1_4' title="bbox 105 835 1175 950; baseline 0 -30"><span class='ocrx_word' id='word_1_17' title='bbox 105 839 305 921; x_wconf 90' lang='lat' dir='ltr'>Abietibus</span> <span class='ocrx_word' id='word_1_18' title='bbox 318 840 473 947; x_wconf 90' lang='lat' dir='ltr'>juvenes</span> <span class='ocrx_word' id='word_1_19' title='bbox 486 835 610 945; x_wconf 87' lang='lat' dir='ltr'>patriis</span> <span class='ocrx_word' id='word_1_20' title='bbox 629 853 667 916; x_wconf 89' lang='lat' dir='ltr'>et</span> <span class='ocrx_word' id='word_1_21' title='bbox 677 835 869 918; x_wconf 88' lang='lat' dir='ltr'>montibus</span> <span class='ocrx_word' id='word_1_22' title='bbox 886 864 1037 947; x_wconf 85' lang='lat' dir='ltr'>aequos,</span> <span class='ocrx_word' id='word_1_23' title='bbox 1086 840 1175 950; x_wconf 86' lang='lat'>674</span> 
     </span>
     <span class='ocr_line' id='line_1_5' title="bbox 96 975 1147 1087; baseline -0.001 -29"><span class='ocrx_word' id='word_1_24' title='bbox 96 980 276 1075; x_wconf 69' lang='lat' dir='ltr'>Romam,</span> <span class='ocrx_word' id='word_1_25' title='bbox 296 1004 392 1087; x_wconf 90' lang='lat' dir='ltr'>quae</span> <span class='ocrx_word' id='word_1_26' title='bbox 406 975 513 1057; x_wconf 89' lang='lat' dir='ltr'>ducis</span> <span class='ocrx_word' id='word_1_27' title='bbox 531 975 692 1084; x_wconf 89' lang='lat' dir='ltr'>imperio</span> <span class='ocrx_word' id='word_1_28' title='bbox 711 976 918 1076; x_wconf 85' lang='lat' dir='ltr'>commissa,</span> <span class='ocrx_word' id='word_1_29' title='bbox 937 976 1147 1075; x_wconf 87' lang='lat' dir='ltr'>recludunt,</span> 
     </span>
     <span class='ocr_line' id='line_1_6' title="bbox 107 1114 1117 1223; baseline 0.002 -24"><span class='ocrx_word' id='word_1_30' title='bbox 107 1121 141 1199; x_wconf 88' lang='lat' dir='ltr'>F</span> <span class='ocrx_word' id='word_1_31' title='bbox 141 1119 210 1197; x_wconf 92' lang='lat' dir='ltr'>reti</span> <span class='ocrx_word' id='word_1_32' title='bbox 222 1118 346 1215; x_wconf 90' lang='lat' dir='ltr'>armis,</span> <span class='ocrx_word' id='word_1_33' title='bbox 378 1116 551 1223; x_wconf 91' lang='lat' dir='ltr'>ultroque</span> <span class='ocrx_word' id='word_1_34' title='bbox 565 1114 721 1194; x_wconf 86' lang='lat' dir='ltr'>invitant</span> <span class='ocrx_word' id='word_1_35' title='bbox 739 1117 937 1197; x_wconf 90' lang='lat' dir='ltr'>moenibus</span> <span class='ocrx_word' id='word_1_36' title='bbox 954 1116 1117 1202; x_wconf 90' lang='lat' dir='ltr'><strong>hostem.</strong></span> 
     </span>
     <span class='ocr_line' id='line_1_7' title="bbox 107 1250 1143 1370; baseline 0.001 -29"><span class='ocrx_word' id='word_1_37' title='bbox 107 1260 182 1370; x_wconf 87' lang='lat' dir='ltr'>Ipsr</span> <span class='ocrx_word' id='word_1_38' title='bbox 195 1261 306 1357; x_wconf 90' lang='lat' dir='ltr'>intus,</span> <span class='ocrx_word' id='word_1_39' title='bbox 338 1259 467 1339; x_wconf 84' lang='lat' dir='ltr'>dextra</span> <span class='ocrx_word' id='word_1_40' title='bbox 484 1283 528 1336; x_wconf 89' lang='lat' dir='ltr'>ae</span> <span class='ocrx_word' id='word_1_41' title='bbox 543 1255 658 1354; x_wconf 86' lang='lat' dir='ltr'>laeva,</span> <span class='ocrx_word' id='word_1_42' title='bbox 690 1284 759 1366; x_wconf 93' lang='lat' dir='ltr'>pro</span> <span class='ocrx_word' id='word_1_43' title='bbox 770 1259 931 1340; x_wconf 91' lang='lat' dir='ltr'>turribus</span> <span class='ocrx_word' id='word_1_44' title='bbox 944 1260 1101 1362; x_wconf 89' lang='lat' dir='ltr'>adstant,</span> <span class='ocrx_word' id='word_1_45' title='bbox 1136 1250 1143 1265; x_wconf 77' lang='grc'><strong>’</strong></span> 
     </span>
     <span class='ocr_line' id='line_1_8' title="bbox 108 1395 992 1504; baseline 0.002 -23"><span class='ocrx_word' id='word_1_46' title='bbox 108 1402 258 1481; x_wconf 89' lang='lat' dir='ltr'>Armati</span> <span class='ocrx_word' id='word_1_47' title='bbox 271 1400 384 1497; x_wconf 90' lang='lat' dir='ltr'>ferro,</span> <span class='ocrx_word' id='word_1_48' title='bbox 415 1417 453 1479; x_wconf 89' lang='lat' dir='ltr'>et</span> <span class='ocrx_word' id='word_1_49' title='bbox 467 1396 584 1476; x_wconf 88' lang='lat' dir='ltr'>cristis</span> <span class='ocrx_word' id='word_1_50' title='bbox 602 1395 723 1504; x_wconf 88' lang='lat' dir='ltr'>capita</span> <span class='ocrx_word' id='word_1_51' title='bbox 743 1395 816 1476; x_wconf 89' lang='lat' dir='ltr'>alta</span> <span class='ocrx_word' id='word_1_52' title='bbox 827 1400 992 1483; x_wconf 88' lang='lat' dir='ltr'>corusci:</span> 
     </span>
    </p>

    <p class='ocr_par' dir='ltr' id='par_1_5' title="bbox 109 1535 926 1644">
     <span class='ocr_line' id='line_1_9' title="bbox 109 1535 926 1644; baseline 0.004 -26"><span class='ocrx_word' id='word_1_53' title='bbox 109 1539 250 1636; x_wconf 89' lang='lat' dir='ltr'><strong>Quales</strong></span> <span class='ocrx_word' id='word_1_54' title='bbox 268 1541 386 1619; x_wconf 83' lang='lat' dir='ltr'>a‘e&#39;riae</span> <span class='ocrx_word' id='word_1_55' title='bbox 405 1537 586 1644; x_wconf 88' lang='lat' dir='ltr'>liquentia</span> <span class='ocrx_word' id='word_1_56' title='bbox 596 1535 754 1615; x_wconf 84' lang='lat' dir='ltr'>flumina</span> <span class='ocrx_word' id='word_1_57' title='bbox 767 1538 926 1636; x_wconf 88' lang='lat' dir='ltr'>circum,</span> 
     </span>
    </p>

    <p class='ocr_par' dir='ltr' id='par_1_6' title="bbox 51 1675 1182 2772">
     <span class='ocr_line' id='line_1_10' title="bbox 111 1675 1179 1786; baseline 0.01 -29"><span class='ocrx_word' id='word_1_58' title='bbox 111 1680 195 1758; x_wconf 90' lang='lat' dir='ltr'>Sive</span> <span class='ocrx_word' id='word_1_59' title='bbox 210 1677 301 1757; x_wconf 84' lang='lat' dir='ltr'>Padi</span> <span class='ocrx_word' id='word_1_60' title='bbox 316 1677 416 1786; x_wconf 86' lang='lat' dir='ltr'>ripis,</span> <span class='ocrx_word' id='word_1_61' title='bbox 437 1675 612 1756; x_wconf 84' lang='lat' dir='ltr'>Athesrm</span> <span class='ocrx_word' id='word_1_62' title='bbox 623 1675 686 1756; x_wconf 92' lang='lat' dir='ltr'>seu</span> <span class='ocrx_word' id='word_1_63' title='bbox 697 1696 848 1785; x_wconf 87' lang='lat' dir='ltr'>propter</span> <span class='ocrx_word' id='word_1_64' title='bbox 860 1708 1078 1779; x_wconf 86' lang='lat' dir='ltr'>amoenum,</span> <span class='ocrx_word' id='word_1_65' title='bbox 1091 1682 1179 1768; x_wconf 88' lang='lat'>680</span> 
     </span>
     <span class='ocr_line' id='line_1_11' title="bbox 112 1815 1099 1927; baseline 0.005 -32"><span class='ocrx_word' id='word_1_66' title='bbox 112 1815 353 1924; x_wconf 87' lang='lat' dir='ltr'>Consurgunt</span> <span class='ocrx_word' id='word_1_67' title='bbox 367 1815 539 1923; x_wconf 88' lang='lat' dir='ltr'>geminae</span> <span class='ocrx_word' id='word_1_68' title='bbox 552 1841 722 1921; x_wconf 89' lang='lat' dir='ltr'>quercus,</span> <span class='ocrx_word' id='word_1_69' title='bbox 754 1816 970 1927; x_wconf 89' lang='lat' dir='ltr'>intonsaque</span> <span class='ocrx_word' id='word_1_70' title='bbox 991 1817 1099 1900; x_wconf 86' lang='lat' dir='ltr'>coelo</span> 
     </span>
     <span class='ocr_line' id='line_1_12' title="bbox 112 1955 998 2067; baseline 0.007 -30"><span class='ocrx_word' id='word_1_71' title='bbox 112 1958 304 2039; x_wconf 91' lang='lat' dir='ltr'>Attollunt</span> <span class='ocrx_word' id='word_1_72' title='bbox 321 1959 453 2067; x_wconf 88' lang='lat' dir='ltr'>capita,</span> <span class='ocrx_word' id='word_1_73' title='bbox 484 1975 522 2037; x_wconf 91' lang='lat' dir='ltr'>et</span> <span class='ocrx_word' id='word_1_74' title='bbox 537 1955 688 2036; x_wconf 88' lang='lat' dir='ltr'><strong>sublimi</strong></span> <span class='ocrx_word' id='word_1_75' title='bbox 702 1957 840 2039; x_wconf 89' lang='lat' dir='ltr'>vertice</span> <span class='ocrx_word' id='word_1_76' title='bbox 854 1978 998 2045; x_wconf 88' lang='lat' dir='ltr'>nutant.</span> 
     </span>
     <span class='ocr_line' id='line_1_13' title="bbox 112 2097 1046 2209; baseline 0.009 -31"><span class='ocrx_word' id='word_1_77' title='bbox 112 2098 347 2209; x_wconf 88' lang='lat' dir='ltr'>Irrumpunt,</span> <span class='ocrx_word' id='word_1_78' title='bbox 379 2098 499 2178; x_wconf 90' lang='lat' dir='ltr'>aditus</span> <span class='ocrx_word' id='word_1_79' title='bbox 512 2097 648 2178; x_wconf 90' lang='lat' dir='ltr'>Rutuli</span> <span class='ocrx_word' id='word_1_80' title='bbox 665 2114 709 2176; x_wconf 92' lang='lat' dir='ltr'>ut</span> <span class='ocrx_word' id='word_1_81' title='bbox 732 2098 857 2178; x_wconf 91' lang='lat' dir='ltr'>videre</span> <span class='ocrx_word' id='word_1_82' title='bbox 868 2118 1046 2207; x_wconf 76' lang='lat' dir='ltr'>patentes,</span> 
     </span>
     <span class='ocr_line' id='line_1_14' title="bbox 112 2235 1118 2346; baseline 0.003 -25"><span class='ocrx_word' id='word_1_83' title='bbox 112 2242 305 2321; x_wconf 90' lang='lat' dir='ltr'>Continuo</span> <span class='ocrx_word' id='word_1_84' title='bbox 316 2243 522 2345; x_wconf 82' lang='lat' dir='ltr'>Qereens,</span> <span class='ocrx_word' id='word_1_85' title='bbox 553 2256 592 2319; x_wconf 89' lang='lat' dir='ltr'>et</span> <span class='ocrx_word' id='word_1_86' title='bbox 605 2235 763 2346; x_wconf 92' lang='lat' dir='ltr'>pulcher</span> <span class='ocrx_word' id='word_1_87' title='bbox 774 2240 980 2346; x_wconf 88' lang='lat' dir='ltr'>Equicolus</span> <span class='ocrx_word' id='word_1_88' title='bbox 991 2243 1118 2343; x_wconf 89' lang='lat' dir='ltr'>armis,</span> 
     </span>
     <span class='ocr_line' id='line_1_15' title="bbox 113 2379 1182 2490; baseline 0.002 -27"><span class='ocrx_word' id='word_1_89' title='bbox 113 2384 166 2463; x_wconf 88' lang='lat' dir='ltr'>Et</span> <span class='ocrx_word' id='word_1_90' title='bbox 179 2408 354 2490; x_wconf 86' lang='lat' dir='ltr'>praeceps</span> <span class='ocrx_word' id='word_1_91' title='bbox 371 2381 488 2460; x_wconf 87' lang='lat' dir='ltr'>animi</span> <span class='ocrx_word' id='word_1_92' title='bbox 500 2380 681 2476; x_wconf 85' lang='lat' dir='ltr'><strong>Tmarus,</strong></span> <span class='ocrx_word' id='word_1_93' title='bbox 711 2396 750 2459; x_wconf 89' lang='lat' dir='ltr'>et</span> <span class='ocrx_word' id='word_1_94' title='bbox 766 2379 976 2465; x_wconf 87' lang='lat' dir='ltr'>Mavortius</span> <span class='ocrx_word' id='word_1_95' title='bbox 989 2383 1182 2483; x_wconf 90' lang='lat' dir='ltr'>Haemon,</span> 
     </span>
     <span class='ocr_line' id='line_1_16' title="bbox 51 2519 1182 2630; baseline 0.001 -29"><span class='ocrx_word' id='word_1_96' title='bbox 51 2540 56 2554; x_wconf 82' lang='lat'><strong>·</strong></span> <span class='ocrx_word' id='word_1_97' title='bbox 114 2521 347 2630; x_wconf 86' lang='lat' dir='ltr'>Agminibus</span> <span class='ocrx_word' id='word_1_98' title='bbox 361 2519 446 2600; x_wconf 89' lang='lat' dir='ltr'>totis</span> <span class='ocrx_word' id='word_1_99' title='bbox 463 2537 527 2600; x_wconf 89' lang='lat' dir='ltr'>aut</span> <span class='ocrx_word' id='word_1_100' title='bbox 539 2519 631 2599; x_wconf 82' lang='lat' dir='ltr'>versi</span> <span class='ocrx_word' id='word_1_101' title='bbox 644 2535 747 2627; x_wconf 86' lang='lat' dir='ltr'>terga</span> <span class='ocrx_word' id='word_1_102' title='bbox 759 2519 908 2623; x_wconf 86' lang='lat' dir='ltr'>dedere,</span> <span class='ocrx_word' id='word_1_103' title='bbox 1095 2522 1182 2610; x_wconf 77' lang='lat'>686</span> 
     </span>
     <span class='ocr_line' id='line_1_17' title="bbox 115 2659 946 2772; baseline 0.007 -32"><span class='ocrx_word' id='word_1_104' title='bbox 115 2663 198 2741; x_wconf 92' lang='lat' dir='ltr'>Aut</span> <span class='ocrx_word' id='word_1_105' title='bbox 209 2661 287 2771; x_wconf 90' lang='lat' dir='ltr'>ipso</span> <span class='ocrx_word' id='word_1_106' title='bbox 301 2678 428 2771; x_wconf 88' lang='lat' dir='ltr'>portae</span> <span class='ocrx_word' id='word_1_107' title='bbox 441 2660 593 2772; x_wconf 87' lang='lat' dir='ltr'>posuere</span> <span class='ocrx_word' id='word_1_108' title='bbox 612 2661 652 2740; x_wconf 90' lang='lat' dir='ltr'>in</span> <span class='ocrx_word' id='word_1_109' title='bbox 670 2659 801 2742; x_wconf 88' lang='lat' dir='ltr'>limine</span> <span class='ocrx_word' id='word_1_110' title='bbox 817 2665 946 2752; x_wconf 86' lang='lat' dir='ltr'>vitam.</span> 
     </span>
    </p>

    <p class='ocr_par' dir='ltr' id='par_1_7' title="bbox 115 2802 1092 3050">
     <span class='ocr_line' id='line_1_18' title="bbox 116 2802 1092 2911; baseline 0.003 -27"><span class='ocrx_word' id='word_1_111' title='bbox 116 2806 226 2884; x_wconf 91' lang='lat' dir='ltr'>Tum</span> <span class='ocrx_word' id='word_1_112' title='bbox 241 2803 360 2911; x_wconf 88' lang='lat' dir='ltr'>magis</span> <span class='ocrx_word' id='word_1_113' title='bbox 375 2803 582 2883; x_wconf 90' lang='lat' dir='ltr'>increscunt</span> <span class='ocrx_word' id='word_1_114' title='bbox 599 2802 733 2883; x_wconf 89' lang='lat' dir='ltr'>animis</span> <span class='ocrx_word' id='word_1_115' title='bbox 756 2803 984 2886; x_wconf 84' lang='lat' dir='ltr'>discordibus</span> <span class='ocrx_word' id='word_1_116' title='bbox 1005 2804 1092 2904; x_wconf 87' lang='lat' dir='ltr'>irae,</span> 
     </span>
     <span class='ocr_line' id='line_1_19' title="bbox 115 2939 981 3050; baseline 0.002 -28"><span class='ocrx_word' id='word_1_117' title='bbox 115 2943 255 3050; x_wconf 89' lang='lat' dir='ltr'>Etjam</span> <span class='ocrx_word' id='word_1_118' title='bbox 273 2939 420 3022; x_wconf 71' lang='lat' dir='ltr'>colledti</span> <span class='ocrx_word' id='word_1_119' title='bbox 434 2943 554 3022; x_wconf 77' lang='lat' dir='ltr'>Troes</span> <span class='ocrx_word' id='word_1_120' title='bbox 567 2939 821 3050; x_wconf 87' lang='lat' dir='ltr'>glomerantur</span> <span class='ocrx_word' id='word_1_121' title='bbox 833 2943 981 3042; x_wconf 90' lang='lat' dir='ltr'>eodem,</span> 
     </span>
    </p>

    <p class='ocr_par' dir='ltr' id='par_1_8' title="bbox 116 3080 1191 4309">
     <span class='ocr_line' id='line_1_20' title="bbox 116 3080 1185 3191; baseline 0.003 -28"><span class='ocrx_word' id='word_1_122' title='bbox 116 3084 170 3164; x_wconf 87' lang='lat' dir='ltr'>Et</span> <span class='ocrx_word' id='word_1_123' title='bbox 180 3080 348 3162; x_wconf 87' lang='lat' dir='ltr'>conferre</span> <span class='ocrx_word' id='word_1_124' title='bbox 361 3108 533 3178; x_wconf 88' lang='lat' dir='ltr'>manum,</span> <span class='ocrx_word' id='word_1_125' title='bbox 562 3098 600 3161; x_wconf 94' lang='lat' dir='ltr'>et</span> <span class='ocrx_word' id='word_1_126' title='bbox 618 3107 833 3190; x_wconf 89' lang='lat' dir='ltr'>procurrere</span> <span class='ocrx_word' id='word_1_127' title='bbox 855 3080 1015 3191; x_wconf 90' lang='lat' dir='ltr'>longius,</span> <span class='ocrx_word' id='word_1_128' title='bbox 1034 3082 1185 3168; x_wconf 86' lang='lat' dir='ltr'>audent.</span> 
     </span>
     <span class='ocr_line' id='line_1_21' title="bbox 117 3220 1180 3337; baseline 0.004 -32"><span class='ocrx_word' id='word_1_129' title='bbox 117 3224 282 3305; x_wconf 77' lang='lat' dir='ltr'>Dudtori</span> <span class='ocrx_word' id='word_1_130' title='bbox 300 3224 450 3324; x_wconf 84' lang='lat' dir='ltr'>Turno,</span> <span class='ocrx_word' id='word_1_131' title='bbox 482 3221 621 3303; x_wconf 90' lang='lat' dir='ltr'>diversa</span> <span class='ocrx_word' id='word_1_132' title='bbox 638 3220 676 3299; x_wconf 94' lang='lat' dir='ltr'>in</span> <span class='ocrx_word' id='word_1_133' title='bbox 695 3239 796 3330; x_wconf 91' lang='lat' dir='ltr'>parte</span> <span class='ocrx_word' id='word_1_134' title='bbox 810 3221 960 3320; x_wconf 86' lang='lat' dir='ltr'>furenti,</span> <span class='ocrx_word' id='word_1_135' title='bbox 1096 3229 1180 3337; x_wconf 80' lang='lat'>691</span> 
     </span>
     <span class='ocr_line' id='line_1_22' title="bbox 119 3360 1090 3471; baseline 0.004 -29"><span class='ocrx_word' id='word_1_136' title='bbox 119 3363 382 3470; x_wconf 89' lang='lat' dir='ltr'>Turbantique</span> <span class='ocrx_word' id='word_1_137' title='bbox 400 3364 511 3462; x_wconf 90' lang='lat' dir='ltr'>viros,</span> <span class='ocrx_word' id='word_1_138' title='bbox 543 3361 725 3471; x_wconf 87' lang='lat' dir='ltr'>perfertur</span> <span class='ocrx_word' id='word_1_139' title='bbox 742 3363 912 3466; x_wconf 87' lang='lat' dir='ltr'>nuncius,</span> <span class='ocrx_word' id='word_1_140' title='bbox 941 3360 1090 3446; x_wconf 88' lang='lat' dir='ltr'>hostem</span> 
     </span>
     <span class='ocr_line' id='line_1_23' title="bbox 119 3501 1114 3614; baseline 0.01 -34"><span class='ocrx_word' id='word_1_141' title='bbox 119 3501 277 3582; x_wconf 90' lang='lat' dir='ltr'>Fervere</span> <span class='ocrx_word' id='word_1_142' title='bbox 292 3502 405 3582; x_wconf 90' lang='lat' dir='ltr'>caede</span> <span class='ocrx_word' id='word_1_143' title='bbox 420 3529 529 3598; x_wconf 89' lang='lat' dir='ltr'>nova,</span> <span class='ocrx_word' id='word_1_144' title='bbox 561 3519 598 3582; x_wconf 94' lang='lat' dir='ltr'>et</span> <span class='ocrx_word' id='word_1_145' title='bbox 612 3517 735 3610; x_wconf 87' lang='lat' dir='ltr'>portas</span> <span class='ocrx_word' id='word_1_146' title='bbox 749 3501 922 3611; x_wconf 87' lang='lat' dir='ltr'>praebere</span> <span class='ocrx_word' id='word_1_147' title='bbox 939 3521 1114 3614; x_wconf 85' lang='lat' dir='ltr'>patentes.</span> 
     </span>
     <span class='ocr_line' id='line_1_24' title="bbox 120 3642 1072 3753; baseline 0.005 -32"><span class='ocrx_word' id='word_1_148' title='bbox 120 3642 267 3722; x_wconf 90' lang='lat' dir='ltr'>Deserit</span> <span class='ocrx_word' id='word_1_149' title='bbox 280 3643 488 3753; x_wconf 89' lang='lat' dir='ltr'>inceptum,</span> <span class='ocrx_word' id='word_1_150' title='bbox 521 3659 632 3752; x_wconf 90' lang='lat' dir='ltr'>atque</span> <span class='ocrx_word' id='word_1_151' title='bbox 650 3642 810 3723; x_wconf 86' lang='lat' dir='ltr'>immani</span> <span class='ocrx_word' id='word_1_152' title='bbox 836 3646 1004 3725; x_wconf 90' lang='lat' dir='ltr'>concitus</span> <span class='ocrx_word' id='word_1_153' title='bbox 1018 3647 1072 3727; x_wconf 85' lang='lat' dir='ltr'>ira</span> 
     </span>
     <span class='ocr_line' id='line_1_25' title="bbox 121 3780 1189 3897; baseline 0.006 -36"><span class='ocrx_word' id='word_1_154' title='bbox 121 3781 355 3861; x_wconf 86' lang='lat' dir='ltr'>Dardaniam</span> <span class='ocrx_word' id='word_1_155' title='bbox 370 3782 444 3861; x_wconf 95' lang='lat' dir='ltr'>ruit</span> <span class='ocrx_word' id='word_1_156' title='bbox 456 3780 502 3858; x_wconf 91' lang='lat' dir='ltr'>ad</span> <span class='ocrx_word' id='word_1_157' title='bbox 515 3798 674 3889; x_wconf 86' lang='lat' dir='ltr'>portam,</span> <span class='ocrx_word' id='word_1_158' title='bbox 686 3781 883 3890; x_wconf 87' lang='lat' dir='ltr'>fratresque</span> <span class='ocrx_word' id='word_1_159' title='bbox 901 3783 1088 3894; x_wconf 90' lang='lat' dir='ltr'>superbos.</span> <span class='ocrx_word' id='word_1_160' title='bbox 1103 3789 1158 3897; x_wconf 90' lang='lat'>69</span> <span class='ocrx_word' id='word_1_161' title='bbox 1165 3810 1189 3896; x_wconf 84' lang='grc' dir='ltr'><em>ς</em></span> 
     </span>
     <span class='ocr_line' id='line_1_26' title="bbox 123 3918 1191 4045; baseline 0.006 -46"><span class='ocrx_word' id='word_1_162' title='bbox 123 3920 176 3999; x_wconf 88' lang='lat' dir='ltr'>Et</span> <span class='ocrx_word' id='word_1_163' title='bbox 190 3921 361 4029; x_wconf 89' lang='lat' dir='ltr'>primum</span> <span class='ocrx_word' id='word_1_164' title='bbox 375 3918 620 4031; x_wconf 88' lang='lat' dir='ltr'>Antiphaten,</span> <span class='ocrx_word' id='word_1_165' title='bbox 664 3919 695 4001; x_wconf 93' lang='lat' dir='ltr'>is</span> <span class='ocrx_word' id='word_1_166' title='bbox 707 3922 811 4004; x_wconf 90' lang='lat' dir='ltr'>enim</span> <span class='ocrx_word' id='word_1_167' title='bbox 828 3923 865 4045; x_wconf 75' lang='lat' dir='ltr'>sp</span> <span class='ocrx_word' id='word_1_168' title='bbox 882 3923 1028 4031; x_wconf 92' lang='lat' dir='ltr'>primus</span> <span class='ocrx_word' id='word_1_169' title='bbox 1045 3925 1191 4035; x_wconf 86' lang='lat' dir='ltr'>agebat,</span> 
     </span>
     <span class='ocr_line' id='line_1_27' title="bbox 122 4057 1025 4171; baseline 0.009 -34"><span class='ocrx_word' id='word_1_170' title='bbox 122 4057 309 4140; x_wconf 91' lang='lat' dir='ltr'>Thebana</span> <span class='ocrx_word' id='word_1_171' title='bbox 329 4058 377 4138; x_wconf 95' lang='lat' dir='ltr'>de</span> <span class='ocrx_word' id='word_1_172' title='bbox 398 4077 517 4139; x_wconf 91' lang='lat' dir='ltr'>matre</span> <span class='ocrx_word' id='word_1_173' title='bbox 535 4057 697 4141; x_wconf 91' lang='lat' dir='ltr'>nothum</span> <span class='ocrx_word' id='word_1_174' title='bbox 711 4061 929 4171; x_wconf 85' lang='lat' dir='ltr'>Sarpedonis</span> <span class='ocrx_word' id='word_1_175' title='bbox 947 4062 1025 4167; x_wconf 75' lang='lat' dir='ltr'>arti,</span> 
     </span>
     <span class='ocr_line' id='line_1_28' title="bbox 126 4197 990 4309; baseline 0.008 -30"><span class='ocrx_word' id='word_1_176' title='bbox 126 4200 307 4309; x_wconf 68' lang='lat' dir='ltr'>conjecto</span> <span class='ocrx_word' id='word_1_177' title='bbox 327 4197 600 4307; x_wconf 86' lang='lat' dir='ltr'>sternitjaculo.</span> <span class='ocrx_word' id='word_1_178' title='bbox 631 4198 731 4282; x_wconf 87' lang='lat' dir='ltr'>volat</span> <span class='ocrx_word' id='word_1_179' title='bbox 745 4200 836 4284; x_wconf 86' lang='lat' dir='ltr'>Itala</span> <span class='ocrx_word' id='word_1_180' title='bbox 855 4229 990 4286; x_wconf 85' lang='lat' dir='ltr'>cornus</span> 
     </span>
    </p>
   </div>
   <div class='ocr_carea' id='block_1_3' title="bbox 1095 4345 1195 4425">
    <p class='ocr_par' dir='ltr' id='par_1_9' title="bbox 1095 4345 1195 4425">
     <span class='ocr_line' id='line_1_29' title="bbox 1095 4345 1195 4425; baseline 0.03 -3"><span class='ocrx_word' id='word_1_181' title='bbox 1095 4345 1195 4425; x_wconf 75' lang='lat' dir='ltr'>Ae&#39;ra</span> 
     </span>
    </p>
   </div>
   <div class='ocr_carea' id='block_1_4' title="bbox 0 0 1466 5176">
    <p class='ocr_par' dir='ltr' id='par_1_10' title="bbox 0 0 1466 5176">
     <span class='ocr_line' id='line_1_30' title="bbox 0 0 1466 5176; baseline 0 0"><span class='ocrx_word' id='word_1_182' title='bbox 0 0 1466 5176; x_wconf 95' lang='lat' dir='ltr'> </span> 
     </span>
    </p>
   </div>
  </div>
 </body>
</html>
