2872 5176
183 388 285 489 230
361 360 413 458 P.
445 359 721 456 Vraererr
755 356 1038 457 Maaourr

38 648 43 655 ,
179 558 251 647 'Ad
263 580 401 646 terram
414 589 492 644 non
512 563 643 674 spnnte
660 559 803 644 fluens:
832 578 917 645 tum
934 561 1071 675 frigida
1081 582 1171 652 toto

180 701 385 784 Paullatim
403 701 557 784 exsolvit
573 703 794 812 secorpore,
819 700 995 813 lentaque
1012 705 1116 788 colla

180 843 235 926 Et
245 859 401 954 captum
414 841 518 925 letho
532 843 787 954 posuitcapur,
802 869 907 923 arma
917 844 1159 956 relinquam
1169 844 1261 964 830

180 969 346 1098 viaque
366 1012 457 1069 cum
469 986 615 1097 gemitu
631 984 730 1094 fugit
742 985 933 1093 indignata
947 988 1015 1069 sub
1027 990 1201 1078 nmium,

181 1124 400 1210 Tum'vero
417 1128 622 1209 immensus
634 1127 785 1236 surgens
805 1123 891 1206 ferit
909 1152 1017 1209 aurea
1035 1129 1187 1231 clam

181 1269 330 1353 Sidera:
362 1268 503 1379 dejecta
515 1265 702 1349 crudescit
717 1292 843 1377 pugna
860 1267 1041 1356 Camilla.

180 1408 386 1490 Incurrunt
396 1408 514 1507 denfi,
529 1410 532 1417 ’
545 1404 657 1487 fimul
674 1406 798 1487 omnia
811 1405 920 1516 copia
933 1408 1150 1511 Teucrum,

176 1547 586 1662 ,Tyrrhenique'duc'eq
616 1550 856 1659 Evandrique
871 1552 1135 1640 Arcadisalae.
1172 1557 1259 1671 835

177 1680 240 1774 'At
256 1692 408 1773 Triviae
420 1691 543 1772 custos
551 1688 781 1799 jamdudum
791 1690 831 1768 in
850 1690 1043 1775 montibus
1058 1694 1161 1806 Opis

176 1828 273 1914 'Alta
291 1832 391 1915 sedet
411 1831 580 1928 summis,
612 1830 825 1939 spedlatque
836 1828 1001 1913 interrita
1016 1840 1182 1944 pagiua.

180 1971 315 2083 thue
338 1960 471 2082 procul
485 1969 615 2051 medio
627 1971 813 2077 juvenum
832 1958 1051 2054 inclamare
1062 1972 1261 2061 Qunam

178 2110 478 2224 Prospexittristi
495 2109 693 2191 multatam
707 2125 829 2189 morte
848 2110 1055 2193 Camillam
1070 2126 1113 2214 3²

176 2250 446 2362 Ingemuitque
457 2250 636 2362 deditque
656 2246 724 2329 has
735 2249 815 2329 imo
833 2250 982 2359 pectore
996 2280 1134 2338 voees:
1170 2256 1258 2366 840

178 2390 273 2474 Heu
284 2393 462 2494 nimium,
493 2391 613 2501 virgo,
647 2389 812 2471 nimium
827 2387 976 2471 crudele
990 2391 1091 2474 luisti

179 2533 431 2644 Supplicium,
460 2530 631 2614 Teucros
641 2549 773 2613 conata
788 2530 957 2614 laceffere
976 2532 1102 2620 bello!

179 2676 268 2759 Nec
282 2677 350 2757 tibi
362 2677 521 2758 desertae
535 2676 575 2756 in
592 2675 719 2755 dumis
734 2670 886 2755 coluisse
903 2675 1071 2758 Dianam

178 2821 339 2926 Profuit,
367 2837 432 2902 aut
448 2814 587 2900 nostras
602 2817 764 2897 humero
777 2815 917 2925 geffiffe
934 2817 1134 2928 pharetras.

178 2962 274 3044 Non
287 2981 414 3044 tamen
425 2955 901 3066 indecoremtuateregina
915 2962 1101 3070 relinquet
1132 2968 1138 2977 ’
1166 2963 1255 3075 845

178 3105 451 3212 Extremajam
465 3104 503 3184 in
522 3122 669 3200 morte;
701 3126 824 3215 neque
841 3102 915 3185 hoc
935 3104 1009 3184 sine
1028 3103 1188 3188 nomine
1201 3106 1259 3187 le-

362 3243 476 3326 thum

178 3383 251 3464 Per
265 3401 392 3491 gentes
405 3383 485 3479 erit,
517 3401 580 3462 aut
599 3381 743 3462 famam
756 3382 903 3491 patieris
915 3381 1066 3465 inultae.

177 3524 288 3611 Nam
306 3523 523 3632 quicunque
538 3540 648 3602 tuum
667 3523 818 3602 violavit
838 3523 989 3606 volnere
1011 3550 1164 3632 corpus,

174 3664 310 3748 Morte
327 3663 404 3746 luet
420 3665 565 3752 merita.
595 3664 667 3747 fuit
678 3665 808 3773 ingens
825 3664 956 3745 monte
967 3663 1035 3744 sub
1054 3663 1148 3746 altu

178 3802 296 3914 Regis
312 3808 502 3889 Dercenni
516 3824 660 3887 terreno
676 3832 725 3888 ex
737 3834 871 3916 aggere
884 3806 1040 3888 bustum
1167 3808 1190 3894 8
1196 3837 1254 3924 50

180 3947 341 4055 Antiqui
361 3947 566 4045 Laurentis,
596 3946 787 4059 opacaque
804 3946 889 4028 ilice
907 3952 1065 4036 tedium.

176 4086 257 4176 Hic
267 4091 336 4179 dea
354 4089 389 4173 se
407 4074 575 4208 primum
588 4077 718 4203 rapida
735 4084 1084 4204 pulcherrima-nisu
1109 4093 1137 4214 ,

1135 4233 1252 4342 Sistit,
