2872 5176
273 391 342 517 48
451 328 1143 511 ¹P.Vrn<;1rrrblnn0nra

270 592 452 682 Constitit
468 591 635 680 Anchisa
652 591 761 692 satna,
773 606 821 673 ‘et
837 590 989 702 vestigia
1006 588 1145 703 preffit,

268 738 400 822 Multa
410 753 558 850 putans,
579 735 792 845 sortemque
810 734 941 815 animo
958 733 1151 818 miseratus
1165 732 1353 846 iniquamss

269 877 403 962 Cernit
416 875 483 975 ibi,
496 873 659 956 moestos
671 891 709 955 et
725 871 860 955 mortis
876 869 1021 954 honore
1032 889 1210 972 carentes,

267 1016 509 1128 Leucaspim,
523 1033 562 1098 et
573 1014 932 1125 Lyciae-ductorem
942 1012 1062 1097 claffis
1074 1015 1289 1101 Orontem:

270 1162 394 1268 Qus,
408 1155 522 1240 simul
538 1158 691 1267 aTroja
706 1155 931 1267 ventosaper
942 1181 1105 1267 aequora
1113 1161 1252 1258 vectos,
1263 1188 1317 1273 33
1325 1188 1350 1274 5

269 1298 413 1383 Obruit
426 1297 559 1395 auster,
577 1324 675 1407 aqua
687 1294 881 1378 involvens
898 1322 1111 1406 navemque
1127 1296 1312 1410 virosque.

269 1441 388 1540 Ecce,
413 1437 639 1549 gubernator
656 1436 730 1519 sese
750 1434 948 1518 Palinurus
965 1437 1124 1546 agebat,

270 1577 354 1690 Qi
370 1578 519 1687 Libyco
535 1603 654 1688 nuper
671 1575 793 1674 cursu,
823 1574 920 1658 dum
937 1575 1053 1658 sidera
1069 1575 1197 1678 servat,

269 1719 473 1804 Exciderat
489 1718 623 1830 puppi,
653 1717 788 1800 mediis
809 1717 947 1800 effusus
959 1718 1002 1798 in
1017 1717 1139 1802 undis.
1205 1698 1207 1704 ¹
1261 1747 1283 1830 3
1292 1745 1348 1831 39

253 1932 255 1936 .
271 1865 395 1946 Hunc
412 1861 480 1945 ubi
493 1862 557 1943 vix
572 1862 692 1944 multa
704 1859 896 1943 moestum
919 1860 1097 1971 cognovit
1113 1861 1153 1942 in
1172 1859 1322 1961 umbra,

270 2005 334 2089 Sic
346 2004 448 2116 prior
459 2001 685 2112 alloquiturr
717 2005 802 2113 quis
818 2019 868 2100 te,
876 2002 1065 2101 Palinure,
1080 2001 1241 2086 deorum

271 2143 425 2256 Eripuit
437 2139 559 2240 nobis,
579 2143 780 2252 medioque
799 2142 867 2224 sub
882 2170 1043 2252 aequore
1057 2141 1206 2227 mersit?

162 2386 167 2402 ι
269 2284 362 2383 Dic,
388 2311 483 2396 age:
515 2309 682 2394 namque
699 2279 811 2380 mihi,
824 2280 940 2364 fallax
957 2281 1061 2366 haud
1073 2299 1159 2366 ante
1172 2300 1351 2396 repertus,

270 2424 366 2508 Hoc
379 2452 458 2506 uno
485 2422 657 2533 responso
674 2424 848 2506 animum
866 2423 1000 2507 delusrt
1016 2424 1183 2537 Apollo;
1259 2510 1265 2521 ,
1341 2526 1344 2531 Ι

272 2565 354 2672 Qi
366 2563 448 2646 fore
464 2580 501 2645 te
519 2581 637 2674 ponto
650 2545 898 2662 incolumem,
916 2562 1081 2675 finesque
1092 2566 1248 2649 canebat
1259 2595 1315 2679 34
1320 2592 1346 2678 5

271 2705 492 2786 Venturum
508 2703 709 2788 Ausonios.
741 2732 803 2803 en,
822 2701 917 2787 haec
936 2706 1124 2815 promissa,
1147 2706 1337 2817 fidesque?

272 2845 344 2929 Ille
360 2863 516 2928 autem:
547 2872 671 2956 neque
684 2864 722 2927 te
737 2843 884 2928 Phoebi
904 2847 1047 2928 cortina
1063 2847 1215 2948 fefellit,

271 2987 370 3069 Dux
384 2982 623 3084 Anchifiade,
643 3013 715 3068 nec
733 3012 796 3067 me
808 2979 900 3067 deus'
912 2984 1074 3096 aequare
1087 2988 1225 3072 mersit.

119 3120 127 3141 ⁸
271 3127 457 3235 Namque
470 3125 744 3235 gubernaclum
760 3126 881 3226 multa
899 3127 937 3207 vi
955 3125 1051 3211 forte
1076 3128 1276 3227 revulsum,

272 3268 351 3352 Cui
362 3268 469 3350 datus
483 3266 685 3349 haerebam
692 3266 827 3368 custos,
840 3267 1039 3380 cursusque
1056 3270 1249 3381 regebam,
1264 3297 1351 3384 350

271 3410 522 3520 Praecipitans
541 3407 636 3489 traxi
650 3424 819 3513 mecum,
849 3408 968 3492 maria
981 3410 1105 3522 aspera
1122 3415 1224 3524 juro,

271 3553 369 3636 Non
382 3549 506 3633 ullum
520 3577 589 3661 pro
604 3577 669 3632 me
684 3567 832 3633 tantum
844 3549 979 3663 cepisse
995 3552 1189 3651 timorem,

272 3694 406 3799 Qum
419 3710 483 3774 tua
495 3718 556 3790 ne,
578 3689 732 3803 spoliata
750 3691 878 3790 armis,
899 3691 1048 3775 excussa
1065 3691 1259 3802 magistro,

272 3836 463 3919 Deficeret
486 3835 596 3916 tantis
613 3836 716 3916 navis
733 3835 966 3945 surgentibus
979 3835 1102 3920 undis.

271 3976 371 4058 Tres
384 3990 494 4056 notus
510 3972 696 4083 hybernas
713 3973 899 4058 immensa
910 4002 977 4084 per
994 4001 1157 4085 aequora
1174 3976 1305 4056 notter

264 4115 389 4196 ‚Vexit
401 4113 659 4198 meviolen'tus
679 4143 800 4226 aquae
831 4116 897 4198 vix
916 4114 1061 4200 lumine
1078 4132 1212 4227 quarto
1263 4115 1353 4230 336

111 4286 116 4296 ·
272 4253 622 4374 Prospexiltaliam,
637 4256 786 4380 summa
802 4255 971 4379 sublimis¹
990 4255 1039 4378 ab
1052 4254 1166 4341 unda.
1311 4270 1314 4277 '

336 4418 341 4425 ·
978 4454 984 4464 ι
1149 4386 1358 4481 Paullatim
