2872 5176
7 388 11 397 ’
174 387 273 517 258
382 388 730 485 P.V1no1u11
767 389 1047 486 Maronis

171 590 391 676 Demittunt
409 610 572 677 mentes:
614 593 642 674 it
659 590 761 675 scissa
773 591 873 674 vesle
890 591 1061 694 Latinus,

173 730 356 841 Conjugis
370 735 546 815 attonitus
564 733 661 835 fatis,
694 732 867 842 urbisque
885 730 1004 832 ruina,
1164 732 1261 818 610

172 871 364 957 Canitiem
376 874 580 961 isermundo
600 874 786 989 perfusum
800 873 953 986 pulvere
964 892 1147 989 trupans:

174 1012 380 1125 Multaque
392 1012 429 1096 s'e
442 1015 597 1119 incusat,
627 1016 695 1129 qui
709 1043 786 1096 non
798 1014 983 1127 acceperit
995 1033 1083 1109 ante

176 1152 417 1240 Dardanium
428 1160 598 1257 Aenean,
628 1182 885 1269 generumque
904 1155 1073 1241 asciverit
1088 1156 1209 1241 ultro.

242 1297 387 1380 Interea
404 1315 577 1389 extremo
590 1296 747 1379 bellator
765 1297 806 1377 in
823 1322 986 1407 aequore
1004 1299 1166 1383 Turnus

181 1435 687 1551 Palanteasrquiturpaucos,
714 1438 796 1547 jam
811 1435 969 1547 segnior,
1006 1455 1122 1549 atque
1170 1442 1266 1554 615

180 1575 274 1689 Jatti
285 1579 413 1663 minue
421 1596 535 1692 atque
546 1579 674 1664 minus
686 1578 848 1662 suanm
859 1557 976 1663 laetus
992 1604 1199 1693 equanam.

181 1721 326 1805 Attulit
342 1720 447 1807 hunc
466 1721 523 1804 illi
533 1722 652 1808 caeeis
664 1721 864 1806 tenoribus
877 1749 967 1806 aura

182 1862 457 1947 Conmtixtum
466 1861 688 1963 clamorem,
707 1858 937 1970 arrectasque
954 1861 1108 1975 impulit
1123 1888 1239 1973 amen

139 2080 146 2093 ,
183 2000 496 2084 Confusaesonua
509 2001 624 2103 urbis,
655 1999 904 2084 etillaetabile
924 2028 1110 2089 murmur.

185 2138 395 2227 Heimihil
424 2141 634 2255 quidmnto
646 2142 842 2226 turbantur
855 2143 1153 2228 moenialudui
1170 2150 1265 2229 ⁶20

187 2284 330 2384 Quisve
345 2284 423 2389 ruit
441 2301 565 2368 tantus
575 2285 715 2368 diversa
731 2285 876 2369 clamor
893 2283 942 2365 ab
955 2285 1075 2370 urbe?

190 2427 253 2511 stc
265 2427 330 2526 ait,
361 2424 604 2537 adductisque
620 2452 751 2509 amens
767 2423 925 2506 subsistit
944 2423 1112 2508 habenis.
1208 2482 1213 2491 -

190 2569 321 2679 Atque
342 2562 446 2663 huic,
477 2565 519 2646 in
535 2564 674 2647 faciem
688 2565 789 2646 soror
800 2581 844 2645 ut
861 2565 1034 2648 conversa
1050 2558 1205 2646 Metisci

192 2707 373 2817 Aurigae,
404 2724 694 2816 currumque‚et
710 2730 841 2815 equos,
860 2723 899 2787 et
918 2706 1009 2804 lora,
1039 2707 1205 2816 regebat,

194 2850 354 2933 Talibus
371 2847 532 2930 occurrit
542 2848 672 2930 dietis:
693 2846 778 2944 hac,
790 2849 936 2945 Turne,
956 2849 1157 2957 sequamur
1178 2864 1270 2967 (ης

193 2995 442 3108 Trojugenas,
473 3017 551 3101 qua
565 2991 686 3102 prima
703 2991 804 3071 viam
824 2989 978 3070 vidoria
994 2992 1145 3101 pandit:

196 3135 291 3213 Sunt
307 3132 384 3235 alii,
412 3133 480 3241 qui
493 3133 589 3213 tesia
600 3159 717 3212 manu
737 3129 938 3211 defendere
952 3131 1101 3242 poliunt.

197 3273 345 3382 Ingruit
363 3274 510 3353 Aeneas
526 3271 641 3371 Italis,
669 3289 707 3349 et
720 3270 856 3379 praelia
872 3250 1028 3369 miscet;

198 3415 252 3495 Et
267 3441 334 3492 nos
345 3411 448 3491 saeva
463 3437 581 3491 manu
600 3411 795 3490 mittamus
812 3409 943 3491 funera
962 3410 1132 3493 Teucris.

200 3553 290 3634 Nec
310 3577 470 3633 numero
490 3549 654 3653 inferior,
694 3575 843 3662 pugnae
861 3578 931 3633 nec
950 3550 1095 3633 honore
1112 3554 1278 3644 recedes,

196 3695 353 3776 Turnus
366 3692 413 3774 ad
427 3691 548 3777 haec:
1178 3698 1265 3806 631

197 3837 238 3915 Ο
252 3834 363 3934 soror,
395 3851 434 3915 et
447 3833 596 3915 dudum
609 3832 757 3943 agnovi,
789 3859 882 3913 cum
895 3833 1018 3944 prima
1034 3863 1103 3947 per
1121 3853 1245 3916 artem

196 3973 365 4054 Foedera
376 3971 541 4072 turbasti,
573 3992 685 4083 teque
696 3970 791 4052 haec
808 3972 849 4052 in
869 3970 966 4055 bella
979 3973 1137 4073 dedisti,

197 4113 250 4192 Et
268 4139 369 4192 nunc
388 4114 642 4223 nequicquam
661 4111 758 4193 fallis
778 4111 860 4196 dea.
898 4112 961 4193 sed
983 4116 1068 4223 quis
1082 4113 1243 4226 olympo

200 4251 410 4339 Demissam
425 4272 545 4338 tantos
559 4253 681 4374 ‚uoluit
699 4270 735 4335 te
748 4249 844 4344 ferre
860 4251 1031 4371 labores?
1182 4257 1273 4362 635

143 4392 146 4398 ’
1203 4395 1275 4476 An
