2872 5176
170 306 271 410 216
374 295 725 396 P.V1uc11.11
761 287 1052 397 Maioma

168 511 255 610 Tu,
286 501 438 597 Voluse,
468 496 602 578 armari
619 493 844 575 Volscorum
860 491 964 574 edice
981 482 1166 596 maniplis
1181 489 1201 563 τ’

127 673 130 677 ·
172 653 277 744 Duc,
302 645 365 740 ait,
396 658 434 723 ct
450 637 624 718 Rutulos.
667 634 835 745 equitem
853 630 1043 741 Messapus
1057 630 1101 709 in
1113 621 1256 719 armis,

172 792 336 884 Etcum
351 781 462 863 fratre
482 777 597 858 Coras
620 774 701 855 latis
718 771 914 853 diffundite
927 770 1083 881 campis.
1153 766 1252 872 465

133 957 136 962 ·
173 930 268 1012 Pars
282 923 403 1007 aditus
419 917 520 1002 urbis
538 915 700 1012 finnent‚
731 912 918 1022 turresque
938 911 1154 1022 capessant:

178 1056 345 1169 Caetera,
375 1085 450 1169 qua
461 1054 570 1166 jusso,
602 1081 755 1136 mecum
770 1080 903 1134 manus
920 1053 1053 1136 inserat
1062 1074 1191 1133 arma.

134 1234 138 1239 ·
176 1208 288 1293 Ilicet
300 1205 340 1285 in
357 1225 486 1281 muros
497 1213 574 1276 tota
589 1194 799 1275 discurritur
816 1194 918 1278 urbe.

178 1342 399 1429 Concilium
416 1335 490 1447 ipse
508 1351 608 1449 pater
625 1351 663 1414 et
685 1362 820 1442 magna
846 1336 992 1446 incepta
1007 1330 1172 1414 Latinus

181 1485 342 1581 Deserit,
372 1505 417 1560 ac
430 1453 522 1558 tristi
533 1477 697 1559 turbatus
709 1493 877 1584 tempore
895 1475 1044 1557 differt:
1161 1496 1260 1584 470

185 1625 389 1734 Multaque
402 1619 439 1700 se
459 1617 611 1714 incusat,
653 1619 719 1724 qui
740 1644 816 1699 non
836 1618 1017 1728 acceperit
1032 1614 1134 1696 ultro

186 1762 426 1850 Dardanium
456 1761 624 1854 Aenean,
654 1783 908 1866 generumque
925 1755 1089 1837 asciverit
1106 1748 1212 1832 urbi.

186 1901 432 1988 Praefodiunt
442 1898 504 1980 alii
518 1916 652 2006 portas,
684 1915 749 1977 aut
766 1900 848 1980 saxa
862 1897 1037 2006 sudesque

192 2042 443 2126 Subvectant:
472 2033 573 2116 bello
592 2036 655 2116 dat
671 2037 818 2144 fignum
838 2066 946 2118 rauca
962 2051 1166 2117 cruentum

193 2179 371 2269 Buccina
402 2194 492 2259 tunc
507 2203 635 2257 muros
653 2180 751 2259 varia
764 2180 912 2262 cinxere
923 2204 1071 2273 corona,
1169 2198 1233 2280 47
1242 2197 1269 2280 ς

196 2323 396 2406 Matronae
427 2317 632 2429 pueriquet
662 2335 769 2401 vocat
781 2317 885 2398 labor
902 2314 1055 2397 ultimus
1068 2335 1222 2393 omnes.

198 2461 365 2546 Necnon
376 2455 425 2536 ad
441 2456 630 2565 templum
644 2457 879 2567 surmnasquc
896 2458 944 2537 ad
961 2453 1119 2536 Palladis
1130 2476 1243 2532 aroes

92 2618 96 2626 “
202 2593 428 2684 Subvehitut
441 2570 579 2704 magna
591 2615 753 2685 manum
765 2599 890 2706 regina
909 2613 1064 2690 caterva,

199 2737 317 2823 Dona
330 2733 469 2815 serens:
492 2736 673 2847 juxtaque
689 2765 816 2817 comes
826 2736 980 2817 Lavinia
995 2734 1110 2841 virgo,

205 2875 327 2957 Causa
344 2872 435 2955 mali
448 2876 553 2972 tanti,
584 2895 695 2982 atque
706 2876 833 2958 oculos
847 2878 985 2984 dejedia
1003 2874 1171 2953 decoros.
1182 2872 1281 2977 480

207 3014 419 3102 Succedunt
432 3031 578 3111 matres,
610 3031 648 3092 et
660 3014 847 3124 templum
865 3012 972 3095 thure
983 3027 1178 3122 vaporant,

208 3154 262 3239 Et
278 3151 435 3231 moestas
453 3153 528 3232 alto
549 3151 712 3233 fundunt
733 3155 780 3232 de
799 3154 928 3235 limine
941 3180 1066 3234 voces:

211 3291 467 3399 Armipotens,
500 3292 639 3399 praeses
657 3293 758 3389 belli,
786 3294 957 3375 Tritonia
969 3294 1087 3400 virgo,

211 3428 359 3535 Frange
374 3456 488 3507 manu
502 3430 620 3515 telum
635 3432 789 3539 Phrygii
803 3432 1007 3542 praedonis,
1040 3450 1076 3512 ct
1090 3428 1223 3540 ipsum

214 3569 385 3654 Pronum
399 3565 517 3652 sterne
528 3568 619 3668 solo,
633 3572 815 3680 portisque
829 3571 980 3662 effunde
991 3571 1057 3650 sub
1071 3568 1166 3649 altis.
1190 3568 1288 3679 485

278 3706 451 3813 Cingitur
468 3707 541 3815 ipse
562 3708 687 3790 furens
708 3713 929 3802 certatimin
950 3710 1084 3817 praelia
1103 3711 1292 3794 Turnus:

219 3849 382 3962 Jamque
394 3847 486 3925 adeo
502 3849 689 3933 Rutulum
701 3849 850 3932 thoraca
866 3853 1015 3932 indutus
1030 3848 1160 3931 ahenis

220 3986 409 4064 Horrebat
423 3985 597 4092 squamis,
630 3988 797 4098 surasque
810 3990 1001 4071 incluserat
1016 4014 1119 4088 auro,

226 4121 421 4229 Tempora
432 4124 552 4204 nudus
563 4122 706 4224 adhuc;
738 4128 914 4239 laterique
928 4130 1134 4222 accinxerat
1145 4126 1298 4223 ensem,

226 4257 485 4375 Fulgebatque
505 4263 577 4349 alta
597 4264 793 4357 decurrens
806 4297 937 4352 aureus
956 4297 1036 4360 arce
1047 4309 1060 4369 3
1213 4267 1304 4379 Ex·
