2872 5176
391 310 768 467 Aruernos.
815 372 1072 471 [ΛΜΗ.
1192 408 1251 501 71

175 557 402 671 Setigerique
421 558 513 659 sues,
529 577 641 669 atque
661 558 700 638 in
713 557 947 669 praesepibus
964 562 1037 641 urfi

171 701 328 797 Saevire,
347 728 390 780 ac
408 699 553 781 formae
571 727 798 808 magnorum
814 697 956 780 ululare
970 699 1175 812 luporumt

170 836 276 946 Qos
290 835 495 917 hominum
510 864 559 918 ex
575 836 671 918 facie
688 837 758 917 dea
769 837 873 917 saeva
895 842 1107 947 potentibus
1118 841 1245 926 herbis

171 975 347 1058 Induerat
364 979 475 1057 Circe
493 977 532 1058 in
555 975 679 1059 vultus
695 1004 740 1057 ac
760 993 863 1086 terga
882 976 1062 1065 ferarum.
1191 956 1247 1070 ao

172 1116 278 1225 Qae
293 1144 342 1198 ne
355 1115 521 1198 monstra
540 1117 593 1228 pii
606 1134 819 1228 paterentur
836 1116 923 1197 talia
938 1119 1061 1202 Tro'e's

173 1254 298 1337 Delati
316 1257 355 1337 in
374 1276 515 1367 portus,
532 1286 605 1339 neu
619 1257 727 1339 litora
741 1257 821 1339 dira
839 1256 1016 1359 subirent,

171 1391 372 1504 Neptunus
391 1399 510 1479 ventis
530 1394 701 1509 implevit
718 1397 801 1478 vela
817 1397 999 1501 secundis,

171 1534 299 1642 Atque
311 1533 444 1644 sugam
460 1537 574 1633 dedit,
595 1556 633 1617 et
647 1553 788 1648 praeter
802 1538 893 1619 vada
913 1539 1056 1623 fervida
1070 1540 1183 1626 vexit.

171 1673 335 1784 Jamque
349 1677 563 1758 rubescebat
570 1678 678 1758 radiis
687 1706 803 1780 mare,
820 1696 857 1759 et
874 1679 1021 1763 aethere
1039 1683 1086 1764 ab
1100 1685 1176 1767 alto
1188 1706 1243 1796 κς

172 1814 317 1896 Aurora
335 1817 375 1897 in
393 1817 502 1899 roseis
519 1818 685 1929 fulgebat
696 1818 797 1900 lutea
817 1818 935 1929 bigis:

170 1956 272 2037 Cum
286 1962 386 2042 venti
402 1962 568 2073 posuere,
579 1963 787 2072 omnisque
805 1981 956 2072 repente
974 1962 1106 2045 resedit

169 2099 309 2202 Flatus,
325 2104 415 2183 etin
432 2104 534 2184 lento
548 2102 732 2184 ludantur
752 2130 940 2184 marmore
956 2105 1093 2184 tonsae.

167 2241 298 2348 Atque
319 2239 383 2320 hic
404 2244 550 2322 Aeneas
565 2242 756 2350 ingentem
774 2270 821 2322 ex
839 2269 999 2349 aequore
1016 2239 1150 2322 lucum

168 2378 371 2488 Prospicit;
403 2378 506 2461 hunc
525 2381 618 2459 inter
633 2379 748 2461 fluvio
766 2381 981 2490 Tyberinus
994 2409 1167 2482 amoeno,
1184 2404 1239 2494 30

166 2518 385 2600 Vorticibus
404 2521 539 2630 rapidis
560 2539 597 2602 et
617 2520 740 2602 multa
756 2519 873 2603 flavus
892 2550 1013 2620 arena,

167 2657 211 2738 ln
231 2654 335 2741 mare
353 2658 576 2772 prorumpit.
608 2664 727 2743 variae
743 2664 963 2771 circumque
976 2663 1160 2774 supraque

167 2799 338 2883 Alsuetae
351 2803 440 2913 ripis
463 2803 630 2885 volucres
645 2822 682 2884 et
698 2804 865 2884 fluminis
886 2803 1004 2899 alveo,

166 2939 332 3023 Aethera
350 2942 566 3023 mulcebant
584 2962 707 3041 cantu,
730 2942 892 3052 lucoque
911 2941 1098 3023 volabant.
1242 3000 1247 3007 -

165 3079 331 3163 Flectere
345 3084 413 3162 iter
431 3083 550 3184 sociis,
568 3104 759 3193 terraeque
776 3084 962 3164 advertere
979 3112 1105 3194 proras
1178 3110 1234 3199 35

166 3221 344 3331 Imperat,
366 3241 403 3303 et
421 3222 537 3306 laetus
555 3224 670 3305 fluvio
694 3223 855 3303 succedit
873 3251 1002 3332 opac0.

226 3360 345 3443 Nunc
359 3391 439 3473 age,
457 3365 522 3474 qui
531 3392 645 3473 reges,
659 3364 785 3460 Ereta,
798 3390 894 3472 quae
906 3381 1077 3473 tempora
1092 3386 1232 3457 rerum,

34 3482 43 3491 ¹
164 3501 260 3609 Qis
277 3504 386 3585 Latio
405 3505 558 3614 antiquo
576 3504 686 3585 suerit
705 3505 829 3599 status,
851 3503 992 3583 advena
1008 3494 1159 3583 classem

164 3645 267 3725 Cum
278 3646 448 3756 primum
464 3646 639 3727 Ausoniis
657 3646 839 3725 exercitus
852 3645 996 3755 appulit
1013 3644 1099 3742 oris,

162 3781 389 3894 Expediam,
406 3805 443 3868 et
458 3786 601 3898 primae
614 3783 795 3866 revocabo
812 3760 963 3864 exordia
980 3807 1138 3893 pugnae.
1171 3806 1245 3883 40·

162 3928 230 4007 Tu
246 3945 384 4026 vatem,
397 3947 452 4030 tu,
466 3931 563 4030 diva,
576 3958 714 4011 mone:
734 3929 859 4010 dicam
873 3926 1023 4008 horrida
1038 3923 1158 4007 bella:
1195 3912 1198 3919 Δ

162 4069 303 4153 Dicam
314 4073 422 4173 acies,
437 4072 609 4183 adtosque
623 4071 759 4155 animis
777 4072 817 4152 in
830 4069 962 4151 funera
980 4095 1096 4178 reges,

159 4211 475 4330 Tynhmamqoe
482 4207 1223 4324 manumtotamquesubarmacoaslant
