2872 5176
301 307 633 415 Arnus-uos.
677 294 800 401 Lru}
834 302 893 401 Vs
958 325 971 415 ’ζ
1099 272 1157 441 9

89 497 283 610 Aridaque
296 525 361 578 ora
371 495 514 607 quatit:
544 493 655 576 sudor
674 492 759 576 fluit
775 493 943 605 undique
954 492 1055 584 rivis.
1070 525 1172 587 200·
1288 487 1289 493 Ν

88 614 227 724 slttulit
247 639 322 751 ipse
340 638 425 719 viris
441 654 614 748 optatum
629 636 730 717 casus
750 634 949 725 honorem.
967 684 970 689 ·
998 742 1002 747 Ι
1167 673 1174 683 ·

89 760 271 895 Namque
281 783 408 863 furens
424 780 554 879 animi,
570 777 665 861 dum
676 805 785 889 prora
802 779 850 859 ad
862 778 948 863 sarra
964 777 1141 892 suburget
1173 884 1176 889 Ι

89 914 259 1022 Interior,
276 923 465 1033 spatioque
483 919 581 1001 subit
594 917 779 1029 Sergestus
792 917 949 1029 iniqu05
984 1020 989 1030 ί

91 1064 234 1176 Infelix⁴
251 1063 343 1145 saxis
360 1064 399 1144 in
425 1060 725 1173 procurrentibus
749 1060 894 1146 haefit·
1173 1163 1178 1170 ,

91 1204 297 1321 Concussae
318 1223 455 1303 cautes,
475 1223 513 1286 et
525 1223 636 1287 acuto
647 1204 687 1283 in
705 1202 849 1285 murice
867 1204 963 1287 remi
1073 1230 1176 1319 205‘

92 1347 238 1428 Obnixi
256 1372 448 1456 crepuere,
469 1344 635 1454 illisaque
653 1371 762 1453 prora
774 1345 963 1455 pependit.
1246 1326 1251 1333 ⁸

91 1486 330 1597 Consurgunt
351 1504 498 1580 nautae,
516 1503 554 1566 et
570 1504 710 1592 magno
731 1483 896 1567 clamore
914 1501 1135 1570 morantur:
1177 1514 1181 1590 j
1289 1469 1291 1474 ⁵

93 1623 334 1734 Ferratasque
357 1623 482 1703 trudes
507 1640 546 1704 et
572 1639 680 1705 acute
696 1623 849 1734 cuspide
866 1642 997 1708 contos
1062 1659 1066 1664 ·
1180 1722 1183 1728 Δ
1256 1721 1261 1732 ,

95 1733 326 1873 Expediunt,
352 1760 559 1872 frastosque
584 1762 714 1871 legunt
745 1761 786 1842 in
816 1763 962 1872 gurgite
982 1789 1119 1847 remos.
1177 1794 1181 1865 j

95 1882 149 1999 At
166 1902 280 1983 laetus
290 1900 513 1982 Mnestheus
529 1898 766 2009 successuque
785 1900 904 2003 acrior
919 1901 1013 2015 ipso,
1077 1928 1167 1989 210

78 2055 80 2058 ’
95 2042 262 2163 Agmine
279 2044 475 2126 remorum
491 2041 617 2140 celeri,
635 2043 825 2154 ventisque
847 2046 999 2147 vocatis,
1164 2082 1178 2147 j

96 2183 218 2263 Prona
233 2182 329 2301 petit
346 2181 475 2277 maris,
501 2197 539 2261 et
557 2179 688 2290 pelago
706 2181 868 2262 decurrit
893 2200 1032 2292 aperto.
1176 2244 1183 2279 ,.

98 2321 231 2430 Qalis
248 2319 423 2432 spelunca
440 2318 563 2402 subito
581 2337 775 2401 commota
795 2320 988 2421 columba,
1177 2409 1180 2413 ,

82 2452 173 2544 'Cui
190 2439 327 2543 domus
351 2477 390 2541 et
407 2458 534 2542 dulces
551 2457 729 2542 latebroso
755 2461 796 2556 in
814 2461 966 2573 pumice
981 2460 1077 2560 nidi,
1182 2500 1185 2506 ·
1251 2511 1253 2515 ν
1318 2455 1321 2462 ’

104 2580 238 2684 Fertur
252 2599 291 2683 in
309 2597 547 2700 arvavolans,
569 2599 818 2712 plausumque
830 2604 1002 2684 exterrita
1016 2601 1149 2715 pennis
1184 2636 1189 2646 ·

100 2741 178 2820 Dat
195 2741 293 2820 tedlo
315 2737 531 2845 ingentem:
562 2767 656 2818 mox
669 2747 751 2821 a'e‘re
767 2739 864 2850 lapsa
879 2742 1006 2851 quieto
1081 2741 1188 2854 2165

99 2880 215 2960 Radit
232 2880 298 2959 iter
313 2878 512 2987 liquidum,
534 2876 668 2960 celeres
682 2907 804 2987 neque
817 2898 1033 2961 commovet
1049 2879 1149 2965 alass
1180 2922 1187 2934 ·

102 3018 161 3096 Sic
179 3014 415 3121 Mnestheus,
429 3016 479 3097 fic
495 3016 571 3126 ipsa
584 3014 672 3124 fuga
689 3015 785 3098 secat
801 3015 936 3098 ultima
947 3017 1069 3126 pristis

102 3159 303 3265 Aequom
327 3156 376 3236 s1c
394 3155 500 3236 illam
511 3157 584 3239 sert
602 3156 763 3267 impetus
781 3157 858 3269 ipse
876 3156 1077 3244 volantem.
1101 3180 1106 3193 '
1177 3132 1189 3244 i

106 3301 157 3393 Et
172 3286 341 3408 primum
359 3299 398 3378 in
425 3298 580 3410 scopulo
608 3298 813 3384 luctantem
839 3301 969 3383 deserit
984 3302 1060 3387 alto
1080 3327 1169 3388 220

105 3437 328 3548 Sergestum,
343 3437 587 3549 brevibusque
605 3439 733 3538 vadis;
752 3439 957 3552 frustraque
977 3459 1185 3557 vocantemv

104 3579 270 3678 Auxilia,
287 3594 325 3659 et
341 3578 465 3660 fractis
483 3578 685 3663 discentem
706 3609 850 3663 currere
867 3584 992 3667 remis.

104 3721 197 3830 lnde
214 3721 339 3828 Gyan,
352 3719 544 3830 ipsamque
556 3721 699 3831 ingenti
719 3722 824 3803 mole
843 3721 1078 3809 chimaeram
1145 3762 1150 3772 ’

106 3836 378 3968 Consequitur:
406 3859 518 3958 cedit,
539 3860 721 3969 quoniam
744 3859 896 3972 spoliata
912 3863 1091 3976 magistro
1109 3864 1193 3951 est.n

109 3998 214 4119 Solus
225 3979 381 4111 jamque
396 3998 474 4111 ipso
494 4000 653 4113 superest
670 4002 710 4081 in
727 4001 1042 4111 finelCloanthus:
1088 4035 1142 4094 22
1151 4018 1176 4120 '5

107 4144 238 4265 Qum
254 4138 362 4250 petit,
381 4158 420 4226 et
436 4138 592 4227 summis
608 4142 768 4258 adnixus
784 4144 936 4247 viribus,
953 4166 1073 4259 urget.
1128 4193 1135 4208 ·
1188 4175 1196 4253 ῥ

367 4308 370 4315 ·
1074 4278 1184 4368 Tum
