2872 5176
348 331 680 479 Aruernos.
721 351 843 446 [ιι.
878 338 963 449 VI.
1136 374 1207 473 49

120 555 320 640 Paullatim
339 557 525 642 adnabam
542 575 679 655 terrae;
704 557 787 665 jam
807 571 888 639 tuta
903 540 1092 651 tenebam,
1188 548 1194 624 ἶ

93 730 100 740 ’
121 694 177 779 Ni
190 725 281 808 gens
301 698 461 780 crudelis
474 699 627 781 madida
643 725 736 780 cum
752 696 850 778 veste
869 713 1078 806 gravatum,

120 820 433 950 Prensantemque
453 839 558 921 uncis
579 838 753 920 manibus
766 837 887 949 capita
904 822 1028 950 aspera
1044 824 1201 939 montis,

91 964 94 972 ⁵
119 980 234 1063 Ferro
252 983 441 1082 invafiffet,
464 981 744 1094 praedamque
734 1007 861 1090 rgnara
880 979 1048 1092 putasset.
1109 985 1193 1092 3‘61

119 1120 240 1201 Nunc
257 1148 320 1202 me
339 1119 474 1203 flunus
494 1119 620 1217 habet,
638 1118 894 1230 versantque
882 1148 923 1200 m
942 1117 1177 1204 litoreventi.

122 1258 238 1369 Qod
257 1276 307 1356 te,
335 1242 401 1369 per
423 1259 518 1342 coeli
532 1258 748 1391 jucundum
775 1256 906 1339 lumen
930 1275 969 1339 et
999 1245 1118 1357 auras,
1192 1318 1199 1333 .

120 1396 195 1479 Per
216 1399 425 1509 genitorem
448 1430 528 1500 oro,
561 1428 646 1511 per
657 1399 763 1510 spem
779 1397 957 1510 surgentis
976 1396 1075 1496 Iuli,
1196 1390 1199 1395 ’

121 1534 235 1647 Eripe
246 1536 393 1637 mehir,
402 1539 551 1641 invicte,
565 1536 696 1660 malis:
714 1555 779 1616 aut
797 1535 1090 1619 tumihiterram
1107 1537 1193 1646 365

120 1677 249 1793 injice,
298 1707 465 1792 namque
498 1698 635 1793 potes;
642 1656 886 1837 portusque
935 1680 1080 1790 require
1110 1674 1196 1759 Ve-

217 1926 220 1931 .
304 1821 431 1906 linos:
637 1864 639 1870 ·

121 1962 203 2043 Aut
218 1979 274 2062 tu,
302 1962 330 2045 fi
355 1992 431 2074 qua
460 1964 520 2045 via
536 1963 604 2068 est,
635 1963 663 2047 fi
683 1992 800 2074 quam
818 1962 888 2048 tibi
904 1963 990 2047 diva
1002 1963 1161 2048 creatrix

124 2099 309 2200 Ostendit,
332 2129 455 2208 neque
485 2104 603 2198 enim,
631 2100 757 2198 cred0,
781 2103 856 2184 fine
886 2104 1043 2186 numine
1061 2080 1196 2185 divum

121 2220 543 2347 Flumina'tanta'paras
563 2228 804 2348 Stygiamque
815 2239 943 2320 innare
960 2239 1153 2350 paludem,

123 2378 189 2459 Da
206 2376 379 2459 dextram
394 2364 541 2478 misero,
561 2396 599 2460 et
621 2396 749 2460 tecum
769 2408 832 2460 me
850 2376 940 2461 tolle
954 2408 1020 2492 per
1037 2380 1169 2479 undas,

122 2517 280 2600 Sedibus
306 2537 347 2599 ut
361 2518 491 2601 saltem
502 2519 658 2632 placidis
676 2520 717 2601 in
734 2508 855 2604 morte
871 2508 1072 2631 quiescam.
1106 2550 1198 2639 371,

124 2655 234 2740 Talia
251 2656 347 2739 satus
364 2677 453 2755 erat,
472 2660 595 2770 coepit
618 2688 710 2741 cum
729 2659 816 2741 talia
833 2680 961 2745 vates:

88 2820 100 2841 ‘
122 2798 236 2880 Unde
248 2796 355 2899 haec,
372 2829 397 2882 o
417 2799 603 2899 Palinure,
623 2803 692 2882 tibi
705 2820 785 2883 tam
800 2791 879 2883 dira
899 2804 1067 2913 cupido?

126 2940 193 3021 Tu
209 2941 352 3050 Stygias
370 2940 586 3023 inhumatus
603 2970 716 3052 aquas
734 2969 961 3052 amnemque
980 2945 1149 3037 severum
1167 2994 1169 2998 2

125 3079 386 3163 Eumenidum
405 3083 567 3193 aspicies,
584 3084 751 3195 ripamve
762 3082 914 3197 injussus
934 3085 1078 3170 abibis?
1108 3115 1163 3201 37
1169 3108 1194 3197 ς

103 3239 106 3250 ·
128 3216 266 3301 Desine
283 3219 360 3302 fata
375 3223 609 3320 deumflecti
628 3225 768 3334 sperare
784 3224 984 3334 precando.

128 3359 203 3443 Sed
215 3389 308 3477 cape
325 3365 424 3446 dieta
442 3395 606 3480 memor,
625 3367 709 3448 duri
725 3366 852 3449 solatia
868 3370 982 3453 casus.

125 3503 232 3586 Nam
249 3524 313 3589 tua
329 3506 497 3608 finitimi,
512 3508 624 3621 longe
641 3509 786 3620 lateque
804 3539 870 3620 per
887 3514 1010 3614 urbes,
1189 3492 1193 3501 ³

125 3642 311 3756 Prodigiis
327 3650 401 3730 acti
419 3649 653 3750 coelestibus,
670 3651 747 3734 offa
764 3650 934 3761 piabunt,
1086 3694 1090 3702 ·

127 3785 180 3867 Et
192 3783 351 3870 statuent
368 3789 575 3894 tumulum,
594 3807 632 3872 et
646 3789 797 3873 tumulo
812 3790 990 3874 solemnia
1008 3793 1170 3890 mittent,
1204 3788 1208 3796 ’

127 3906 413 4039 Aeternumque
431 3928 534 4014 loeus
551 3930 717 4014 Palinuri
737 3960 879 4013 nomen
899 3931 1065 4019 habebit.
1112 3935 1194 4048 381
1308 3950 1311 3958 '

128 4066 208 4149 His
226 4066 332 4148 dictis
345 4096 454 4153 curae
472 4091 632 4171 emotae,
646 4071 844 4183 pulsusque
869 4099 1070 4183 parumper
1122 4128 1125 4133 -

124 4208 253 4326 Corde
270 4208 391 4327 dolor*
404 4212 524 4302 tristi:
560 4214 698 4329 gaudet
725 4213 953 4324 cognomine
974 4231 1081 4299 terra.
1180 4272 1184 4279 -

192 4352 317 4462 Tem.
349 4355 403 4442 11.
642 4354 677 4437 E
1103 4352 1207 4468 Ergo
1297 4408 1301 4413 -
1361 4429 1365 4437 .
1409 4364 1413 4372 '
