2872 5176
348 356 697 447 Aruernos
735 347 1027 446 Lrn.Vlll.
1118 383 1208 452 ιιι

81 520 84 533 .
149 528 352 645 Acceffum
365 553 533 650 lustrans,
563 549 642 633 huc
661 577 727 633 ora
743 547 884 632 ferebat
900 572 938 633 et
954 553 1058 652 illuc,
1098 564 1101 569 ’

151 698 338 805 Dentibus
358 694 583 777 infrendens.
614 707 811 772 terrorum
830 690 994 777 fervidus
1013 698 1067 777 ira
1128 722 1214 810 230

48 930 51 935 ,
151 840 299 925 Lustrat
316 834 701 930 Aventinimontem;
729 849 786 912 ter
802 831 910 914 saxea
922 848 1039 916 tentat

151 979 307 1064 Limina
318 978 595 1086 nequicquam
624 991 680 1054 ter
697 971 806 1055 fellus
823 972 919 1055 valle
939 976 1082 1061 resedit.

151 1120 276 1202 Stabat
293 1136 400 1201 acuta
411 1116 514 1212 filex,
545 1114 714 1224 praecifis
735 1113 902 1222 undique
914 1114 1020 1217 saxis,

153 1261 357 1372 Speluncae
371 1258 478 1339 dorso
490 1255 694 1365 insurgens,
724 1254 898 1336 altiffima
914 1256 1007 1355 visu,
1111 1270 1115 1279 '

41 1456 44 1463 ·
154 1403 336 1487 Dirarum
348 1399 444 1479 nidis
461 1399 599 1478 domus
615 1413 826 1506 opportuna
839 1397 1050 1482 volucrum.
1134 1423 1187 1507 ²3
1196 1425 1220 1511 ς

154 1543 282 1638 Hanc,
292 1554 334 1619 ut
347 1564 464 1646 prona
473 1538 568 1644 jugo
581 1534 985 1617 laevum'incumbebat
995 1536 1042 1617 ad
1055 1563 1223 1637 amnem,

155 1683 299 1763 Dexter
316 1678 356 1758 in
371 1676 567 1759 adversum
585 1675 706 1755 nitens
723 1674 917 1771 concuffit,
941 1694 979 1757 et
996 1677 1083 1759 imis

154 1818 335 1903 Avulsam
348 1816 454 1898 solvit
471 1815 676 1897 radicibus:
707 1813 794 1895 inde
813 1833 964 1925 repente

156 1960 327 2073 Impulit.
359 1957 524 2071 impulsu
545 1986 624 2068 quo
642 1958 831 2039 maximus
848 1958 990 2041 insonat
1002 1957 1129 2043 aether
1135 1999 1150 2060 ;

156 2101 358 2184 Dillultant
369 2102 485 2209 ripae,
514 2096 711 2205 refluitque
729 2098 925 2178 exterritus
938 2102 1074 2183 amulo.
1136 2124 1225 2211 240

156 2244 212 2323 At
226 2240 365 2350 specus,
383 2258 421 2321 et
434 2239 526 2319 Caci
540 2237 684 2318 detecta
702 2237 870 2346 apparuit
890 2240 1020 2347 ingens

37 2446 38 2450 Ν
158 2379 293 2487 Regia,
310 2396 348 2457 et
361 2375 556 2457 umbrosae
568 2375 714 2486 penitus
732 2392 883 2485 patuere
901 2388 1099 2462 cavernae:

160 2521 255 2602 Non
269 2517 384 2616 secus,
412 2545 456 2599 ac
470 2517 498 2597 fi
510 2545 586 2627 qua
602 2515 750 2626 penitus
764 2516 803 2596 vi
822 2534 917 2598 terra
936 2517 1128 2603 dehiscens

162 2655 330 2739 infernas
347 2655 477 2737 reseret
486 2656 600 2755 sedes,
631 2672 795 2767 etregna
807 2656 973 2741 recludat

161 2796 318 2896 Pallida,
337 2795 394 2878 dis
405 2795 540 2895 invisa,
573 2797 754 2908 superque
765 2799 932 2881 immane
950 2799 1168 2882 barathrum

51 2964 54 2971 ·
164 2941 360 3036 Cernatur,
378 2939 637 3050 trepidentque
655 2940 819 3020 immisso
835 2940 978 3021 lumine
989 2948 1129 3027 manee.
1141 2944 1227 3050 246

160 3081 265 3189 Ergo
283 3078 701 3191 insperatadeprensum
715 3081 755 3161 in
776 3084 859 3162 luce
877 3094 1041 3195 repente,
1190 3130 1219 3149 ··

163 3220 432 3330 inclusumque
451 3249 544 3303 cavo
562 3223 663 3327 saxo,
700 3241 813 3334 atquc
829 3223 970 3306 insueta
985 3224 1196 3323 rudentem,

163 3362 333 3473 Desuper
349 3360 503 3444 Alcides
515 3363 596 3444 telis
609 3363 761 3474 premit,
792 3366 997 3478 omniaque
1005 3394 1112 3451 arma

166 3507 350 3600 Advooet,
378 3504 540 3586 etramis
557 3506 740 3616 vastisque
755 3506 961 3591 molaribus
974 3508 1096 3591 instat.
1144 3528 1231 3617 250

165 3645 235 3729 Ille
248 3663 389 3741 autem,
420 3674 543 3757 neque
562 3647 666 3729 enim
685 3647 776 3758 fuga
787 3649 870 3758 jam
886 3649 994 3762 super
1011 3648 1089 3732 ulla
1107 3645 1236 3759 pericli

352 3783 419 3885 est,
870 3821 873 3825 ⁴

146 3989 150 4001 .
166 3924 354 4006 Faucibus
372 3927 564 4035 ingentem
582 3928 751 4032 fumum,
776 3931 946 4014 mirabile
966 3932 1087 4031 didm

168 4063 337 4162 Evomit,
369 4065 598 4177 involvitque
615 4070 779 4154 domum
796 4073 954 4184 caligine
972 4080 1098 4171 caeca,

172 4203 416 4318 Prospesium
426 4206 584 4321 eripiens
602 4211 740 4333 oculis,
774 4213 1032 4325 glomeratque
1053 4210 1120 4295 sub
1134 4222 1240 4291 antro

1105 4346 1240 4431 Fumi·
