2872 5176
240 353 306 451 68
429 355 480 450 Ρ.
515 355 782 451 Vrnornnr
817 350 1091 447 Maronis

195 612 200 628 ·
238 560 306 639 Tu
323 584 448 666 regere
465 557 623 669 imperio
640 554 810 666 populos,
824 557 1011 652 Romane,
1026 569 1232 654 memento,
1290 625 1299 638 .

237 697 325 778 Hae
341 698 408 778 tibi
421 717 529 779 erunt
546 715 651 805 artes,
671 695 843 806 pacisque
860 697 1053 806 imponere
1072 724 1235 795 morem,

237 838 392 920 Parcere
410 837 591 948 subjedtis,
613 855 650 917 et
673 836 856 917 debellare
876 837 1063 946 superbos.

299 979 360 1058 Sic
372 997 474 1088 pater
489 976 693 1074 Anchises;
715 995 825 1086 atque
846 975 939 1057 haec
955 976 1175 1083 mirantibus
1183 975 1306 1058 addit:

236 1117 385 1229 Aspice,
404 1137 446 1199 ut
465 1119 614 1226 insignis
631 1119 753 1228 spoliis
768 1117 971 1198 Marcellus
987 1118 1123 1228 opimis
1221 1119 1242 1200 8
1251 1146 1274 1230 5
1282 1146 1305 1230 ς

236 1259 461 1366 Ingreditur,
482 1257 790 1365 victorque-viros
808 1257 1055 1365 supereminet
1073 1284 1216 1342 omnes

237 1399 319 1479 Hic
335 1426 417 1478 rem
435 1400 664 1493 Romanam,
683 1424 823 1505 magno
843 1398 1013 1478 turbante
1031 1397 1209 1493 tumultu,

69 1539 73 1546 ’
202 1560 211 1569 ·
238 1537 346 1619 Sistet
361 1565 499 1647 equesz
531 1538 664 1618 sternet
684 1540 842 1638 Poenos,
867 1536 1100 1647 Gallumque
1118 1535 1308 1642 rebellem,

239 1679 443 1789 Tertiaque
460 1707 563 1760 arma
584 1680 679 1789 patri
698 1679 893 1789 suspendet
915 1698 1023 1791 capta
1041 1669 1216 1782 Qnirino.
1384 1694 1388 1703 '

240 1823 370 1932 Atque
382 1819 446 1902 hic
459 1824 606 1907 Aeneas
617 1861 630 1919 ς
661 1850 736 1902 una
753 1850 918 1930 namque
936 1824 990 1903 ire
1011 1822 1158 1903 videbat
1222 1822 1307 1906 860

238 1961 446 2069 Fagregium
467 1959 595 2054 forma
600 1961 780 2068 juvenem
796 1979 833 2041 et
851 1961 1079 2070 fulgentibus
1096 1962 1221 2058 armis,

239 2099 314 2180 Sed
329 2098 432 2181 frons
444 2098 538 2180 laeta
555 2126 702 2210 partun,
724 2118 762 2179 et
782 2100 925 2207 dejecto
943 2098 1087 2181 lumina
1107 2103 1237 2200 vultu,

240 2241 351 2352 Qis,
369 2258 485 2354 pater,
504 2240 581 2339 ille,
598 2222 723 2321 virum
739 2241 804 2350 qui
823 2243 871 2321 sic
889 2242 1087 2325 comitatur
1104 2250 1280 2328 euntem?

239 2383 372 2482 Filius,
416 2410 512 2465 anne
531 2383 665 2493 aliquis
683 2411 820 2493 magna
834 2385 882 2464 de
898 2384 1009 2494 stirpe
1026 2393 1236 2495 nepotum?

241 2523 339 2632 Qis
370 2522 539 2632 strepitus
561 2523 660 2604 circa
683 2522 899 2605 comitum!
927 2543 1110 2632 quantum
1136 2525 1247 2606 instar
1273 2526 1312 2606 in

424 2660 505 2771 ipso
522 2660 605 2744 est!
1225 2669 1279 2751 86
1287 2697 1309 2779 5

239 2803 314 2888 Sed
332 2831 409 2886 nox
426 2821 504 2886 atra
517 2819 630 2917 caput
647 2801 739 2886 tristi
760 2802 1003 2887 circumvolat
1016 2805 1162 2891 umbra.

241 2947 283 3026 Τ
284 2975 352 3028 um
371 2964 474 3055 pater
492 2945 675 3028 Anchises
701 2945 876 3056 lacrymis
893 2946 1069 3054 ingressus
1089 2947 1251 3030 obortis:
1292 2943 1297 2947 ’

243 3089 283 3167 0
300 3105 398 3186 nate,
412 3087 767 3197 ingentemluctum
786 3115 834 3166 ne
851 3115 986 3195 quaere
1006 3108 1181 3173 tuorum:

243 3227 452 3310 Ostendent
470 3228 578 3309 terris
587 3226 691 3308 hunc
709 3244 857 3308 tantum
871 3221 957 3326 fatu,
979 3257 1102 3337 neque
1118 3232 1213 3311 ultra

242 3364 472 3457 Effefinent.
502 3365 668 3446 nimium
683 3363 789 3444 vobis
804 3367 979 3445 Romana
997 3395 1162 3476 propago
1228 3369 1312 3482 870

101 3584 104 3590 ,
243 3503 333 3585 Visa
349 3520 493 3613 potens,
507 3501 640 3613 superi,
659 3503 808 3612 propria
824 3500 916 3582 haec
935 3503 961 3583 fi
979 3505 1078 3585 dona
1094 3504 1254 3588 fuissent.
1306 3520 1309 3525 ’

247 3645 420 3750 Qantos
437 3641 499 3731 ille
515 3642 638 3723 virum
658 3668 836 3750 magnam
853 3640 1036 3722 Mavortis
1054 3643 1100 3721 ad
1120 3643 1254 3721 urbem

246 3785 414 3891 Campus
433 3799 517 3891 aget
538 3779 721 3891 gemitusl
746 3778 806 3860 vel
821 3808 930 3888 quae,
950 3781 1154 3888 Tyberim,
1176 3782 1317 3863 videbis

172 3964 176 3975 ,
244 3925 405 4022 Funera,
427 3950 519 4002 cum
540 3920 734 4009 tumulum
749 3921 1013 4031 praeterlabere
1029 3926 1237 4005 recentem!

245 4065 333 4145 Nec
349 4088 440 4171 puer
454 4058 772 4168 Iliaca'quisquam
786 4060 832 4140 de
850 4077 958 4170 gente
979 4061 1133 4142 Latinos
1229 4032 1283 4177 87
1290 4091 1314 4174 5

166 4243 170 4252 ⁷
244 4206 448 4292 lntantum
460 4199 522 4312 spe
541 4197 650 4320 tollet
662 4225 770 4321 avos}
799 4227 869 4320 nec
889 4200 1057 4323 Romula
1074 4204 1268 4312 quondam

298 4366 304 4385 ⁴
1224 4338 1317 4420 Ullo
