2872 5176
170 415 277 512 ubo
360 414 719 513 ,P.V,rao'1r11
756 413 1038 513 Manoxls

180 615 332 698 Occidit
348 615 428 727 ipsa
447 617 522 712 sua,
555 615 756 723 lucemque
773 615 946 695 exterrita
957 613 1069 724 fugit.
1168 618 1266 710 660,

171 754 258 843 ,Soli
270 783 340 864 pro
357 756 473 866 portis
490 754 682 864 Meffapus
704 771 741 834 et
756 781 840 834 acer
859 753 993 834 Atinas

183 894 395 976 Sustentant
411 896 544 976 aciem.
574 899 719 976 circum
738 895 809 976 hos
821 894 997 1003 utrinque
1010 893 1226 1006 phalanges

181 1038 287 1131 Stant
302 1037 447 1135 densae,
478 1037 682 1145 strictisque
702 1037 802 1144 seges
815 1036 1059 1117 mucronibus
1076 1035 1219 1119 horret

181 1179 336 1263 Ferrea:
367 1198 409 1260 tu
420 1207 574 1260 currum
591 1177 733 1258 deserto
742 1177 786 1256 vin
803 1177 975 1284 gramine
991 1177 1124 1262 versas.
1234 1202 1239 1213 ·

207 1402 213 1413 ,
248 1318 466 1429 Obstupuit,
498 1318 595 1397 varia
609 1313 783 1397 confusus
800 1316 965 1423 imagine
978 1344 1121 1418 rerum,
1171 1321 1266 1431 665

184 1459 352 1559 Turnus,
381 1475 422 1539 et
435 1459 572 1539 obtutu
584 1458 696 1540 tacito
710 1456 820 1538 stetit.
849 1457 988 1539 aestuat
1004 1457 1139 1568 ingens

184 1577 276 1681 lino
292 1600 333 1681 in
347 1575 461 1681 corde
478 1598 612 1708 pudor,
644 1597 842 1705 mixtoque
858 1597 997 1678 insania
1014 1597 1137 1696 laetu,

183 1741 238 1822 Et
252 1739 358 1823 furiis
374 1739 532 1850 agitatus
548 1766 669 1838 amor,
699 1755 738 1819 et
755 1739 901 1819 conscia
912 1740 1039 1821 virtus.

185 1881 244 1963 Ut
253 1881 424 1992 primum
443 1877 618 1961 discuffae
636 1880 807 1978 umbrae,
839 1896 876 1960 et
893 1876 961 1959 lux
978 1877 1122 1961 reddita
1139 1879 1269 1960 menti

373 2017 441 2118 est,
1260 2046 1263 2050 ·

185 2155 373 2260 Ardentes
388 2158 588 2241 oculorum
605 2159 713 2241 orbes
726 2157 774 2239 ad
787 2156 938 2241 moenia
956 2157 1058 2238 torsrt
1173 2163 1268 2273 670

182 2297 397 2401 ,Turbidux
428 2328 524 2412 eque
538 2301 627 2383 rotis
647 2328 826 2410 magnam
838 2300 996 2410 respexit
1009 2300 1057 2380 ad
1070 2299 1226 2386 urbem.

188 2434 306 2536 Ecce,
334 2457 475 2538 autem,
507 2440 671 2523 flammis
684 2442 779 2521 inter
797 2439 962 2521 tabulata
977 2437 1127 2523 volutus

41 2592 48 2605 ’
189 2578 257 2660 Ad
274 2580 426 2662 coelum
445 2583 608 2664 undabat
624 2600 768 2682 vortex,
796 2584 1004 2691 turrimque
1023 2582 1175 2664 tenebat
1191 2623 1204 2679 3

190 2723 351 2803 Turrim
365 2726 570 2835 cumpadis
584 2727 748 2806 trabibus
764 2754 881 2834 quam
895 2726 1073 2805 eduxerat
1091 2725 1182 2835 ipse,

193 2867 487 2976 Subdideratque
499 2886 607 2965 rotas,
618 2868 819 2978 pontesque
832 2869 1043 2948 instraverat
1055 2867 1160 2949 altos,
1178 2874 1270 2980 675

188 3008 280 3112 Jam
293 3011 376 3115 jam
396 3009 482 3106 fata,
498 3010 609 3106 soror,
642 3011 833 3119 superant,
865 3009 993 3089 absiste
1008 3010 1173 3090 morari:

192 3149 284 3243 Quo
305 3149 411 3247 deus,
440 3167 478 3228 et
494 3177 572 3257 quo
591 3149 682 3229 dura
694 3169 801 3229 vocat
812 3149 972 3245 fortuna,
992 3149 1205 3257 sequamur.

192 3287 270 3377 Stat
282 3290 450 3369 conferre
466 3317 625 3370 manum
639 3295 811 3372 Aeneae:
845 3289 925 3385 stat,
962 3291 1148 3398 quidquid
1165 3319 1272 3372 acer-

377 3431 415 3509 bi
431 3431 497 3528 est,

190 3570 320 3650 Morte
335 3572 429 3680 pati:
459 3600 529 3652 nec
544 3599 608 3651 me
626 3572 854 3671 indecorem,
877 3601 1065 3681 germana,
1095 3571 1241 3654 videbis

192 3711 384 3820 Ampliru.
404 3712 520 3809 hune,
539 3742 618 3809 oro,
638 3715 712 3793 sme
732 3743 794 3795 me
812 3716 933 3794 furere
953 3734 1037 3794 ante
1057 3714 1240 3797 furorem.

257 3853 379 3947 Dixit,
412 3871 449 3932 et
464 3880 609 3933 ecurru
629 3854 763 3935 saltum
781 3857 883 3936 dedit
897 3856 1000 3934 ocius
1018 3853 1135 3934 arvis':
1180 3856 1265 3939 681

197 3991 344 4098 Perque
366 3991 502 4091 hostes,
535 4023 599 4103 per
618 3996 690 4075 tela
712 4000 797 4094 ruit,
829 3998 1089 4105 moestamque
1107 3996 1276 4076 sororem

193 4132 354 4227 Deserit,
384 4160 427 4211 ac
448 4135 577 4242 rapido
596 4139 704 4217 cursu
726 4139 850 4218 media
867 4139 1016 4246 agmina
1031 4136 1189 4248 rumpit.
1260 4187 1263 4193 ·

195 4274 253 4350 Ac
276 4271 388 4351 veluti
409 4274 547 4362 montis
566 4275 696 4360 saxum
714 4279 761 4362 de
775 4280 911 4362 vertice
929 4306 1105 4393 praeceps

1166 4415 1279 4496 Cum
