2872 5176
253 334 323 432 4²
444 302 502 401 1³:
533 300 807 399 vnsnu
830 298 1123 406 'Maronea

250 512 356 597 Inter
376 505 463 595 saxa
487 506 612 591 virum
626 502 800 617 spumosa
816 502 1048 593 immerserat
1068 511 1182 600 unda.
1287 528 1291 533 '

249 654 356 762 Ergo
367 661 499 735 ornnes
512 674 654 758 magno
666 646 812 731 circum
822 647 986 733 clarnooe
994 649 1231 758 fremebam
1249 687 1302 778 ¹7
1309 690 1340 775 ς

249 792 455 902 Praecipue
472 791 556 902 pius
573 791 735 913 Aeneas.
764 803 850 871 tum
861 788 957 898 jussa
971 791 1147 901 Sibyllae,
1219 808 1223 815 '
1291 810 1296 817 “

249 932 369 1016 Haud
386 961 506 1033 mora,
525 929 700 1016 festinant
720 927 863 1030 flentes,
880 959 1063 1053 aramque
1073 933 1234 1047 sepulcri

250 1077 464 1184 Congerere
483 1072 688 1172 arboribus,
707 1071 891 1183 coeloque
909 1072 1070 1158 educere
1086 1096 1240 1167 certant.
1291 1161 1296 1169 .

250 1218 333 1301 Itur
352 1218 393 1300 in
408 1218 605 1326 antiquam
618 1214 777 1324 sylvam,
794 1214 939 1299 stabula
955 1215 1029 1298 alta
1045 1216 1237 1317 fecerunta

249 1358 515 1441 Procumbunt
532 1357 683 1468 piceae3
702 1355 805 1437 sonat
823 1355 897 1437 ista
915 1356 1104 1443 securibus
1114 1360 1192 1447 ilex
1206 1378 1232 1462 ς’
1243 1392 1260 1451 ι
1273 1364 1331 1455 80

249 1501 531 1617 fraxineaeque
551 1498 686 1594 trabes,
704 1498 832 1583 cuneis
855 1514 894 1579 et
916 1498 1023 1583 fiffile
1036 1502 1152 1585 robur

228 1644 460 1743 ,Scinditur3
478 1641 682 1725 advolvunt
695 1639 863 1751 ingentes
880 1643 1075 1729 montibus
1093 1674 1217 1733 ornos.

248 1786 416 1868 Necnon
439 1787 717 1899 Aeneaa‘opera
733 1785 828 1866 inter
846 1783 933 1867 talia
951 1786 1096 1895 primur

250 1927 436 2008 Hortatur
453 1925 582 2022 socios,
602 1923 825 2035 paribusque
842 1926 1049 2034 accingitur
1063 1929 1192 2015 armis.

250 2067 380 2176 Atque
396 2065 489 2147 haec
505 2067 581 2176 ipse
592 2065 659 2148 suo
673 2065 767 2147 tristi
780 2076 873 2149 c'um
893 2068 1006 2149 corde
1020 2068 1176 2171 volutat,
1245 2073 1297 2159 18
1304 2102 1331 2186 ς

248 2205 455 2316 Aspeaans
474 2204 617 2314 sylvam
626 2205 864 2305 immensam,
883 2220 921 2288 et
936 2206 987 2288 fic
1003 2236 1068 2290 ore
1084 2230 1284 2321 precatura

227 2346 290 2429 ·si
308 2354 410 2429 nunc
423 2346 459 2429 se
476 2345 590 2461 nobis*
601 2346 666 2433 ille
681 2373 813 2430 aureus
830 2346 961 2430 arbore
981 2376 1111 2433 ramur

112 2572 117 2581 ,
249 2487 435 2570 Ostendat
452 2476 659 2571 nemorein
679 2506 782 2570 tanto
797 2491 807 2572 l
833 2489 986 2598 quando
1003 2493 1133 2575 omnia
1151 2522 1237 2577 vere

247 2631 340 2712 Heu
357 2622 547 2713 nimiutn!
581 2624 632 2712 de
653 2626 820 2729 unates,
838 2626 1002 2757 Misene3
1018 2633 1143 2718 locuta
1169 2636 1237 2719 est.
1275 2634 1278 2639 ’

247 2772 328 2856 Vix
346 2772 501 2856 ecfatus
515 2790 604 2872 erat,
620 2773 793 2883 geminae
806 2799 897 2854 cum
914 2772 1011 2855 sorte
1028 2776 1229 2861 columbae
1247 2805 1328 2891 190

247 2916 333 3030 Ipsa
350 2917 418 2999 sub
444 2945 510 2998 ora
526 2917 595 2998 viri
608 2914 715 3001 coelo
732 2942 866 2997 venere
882 2915 1061 3016 volantes,

246 3060 301 3143 Et
321 3062 431 3143 viridi
448 3046 575 3142 sedere*
590 3058 681 3142 solo.
713 3076 798 3141 tum
822 3058 1015 3140 maximus
1032 3059 1146 3145 heroe
1228 3036 1234 3048 ’

243 3196 439 3280 Maternas
452 3178 618 3309 agnuscit
627 3225 724 3299 aves,
738 3197 928 3307 laetusque
944 3217 1114 3308 precatur
1129 3232 1140 3283 e

243 3337 335 3423 Este
355 3338 468 3420 duces
487 3367 525 3436 o,
545 3338 649 3448 srqua
668 3337 728 3419 via
745 3328 811 3436 est,
830 3329 1057 3448 cursumque
1078 3368 1146 3450 per
1163 3366 1277 3424 auras

243 3480 406 3592 Dirigite
422 3482 462 3563 in
487 3480 605 3581 lucos,
623 3467 689 3563 ubi
703 3468 885 3592 pinguem
902 3480 1005 3563 dives
1022 3501 1154 3592 opacat
1243 3510 1291 3596 ¹9
1298 3513 1324 3599 ς

245 3623 598 3724 Ramushumum3
625 3640 744 3734 tuque
771 3648 798 3702 0
813 3619 936 3703 dubiis
954 3650 1002 3704 ne
1019 3622 1138 3708 defice
1156 3625 1281 3729 rebus,

245 3765 345 3847 Diua
362 3794 505 3878 parens.
537 3766 589 3849 fic
607 3764 741 3847 effatur
763 3752 916 3874 vestigia
932 3764 1072 3875 pressat,
1125 3799 1138 3823 ·

242 3903 451 3991 Observans
467 3936 565 4018 quae
585 3890 834 4018 sagna'serant,
854 3892 934 4015 quo
951 3904 1104 3988 tendere
1122 3920 1294 4018 pergant.

164 4066 166 4071 '
241 4048 436 4135 Pascentes
453 4050 539 4135 illae
555 4068 705 4134 tanturn
725 4050 875 4163 prodire
895 4050 1073 4153 volando,

242 4188 443 4302 Qantum
455 4193 535 4278 acie
544 4178 801 4314 possent'ocus}
815 4176 958 4313 seruare
970 4188 1207 4308 sequentum.
1232 4216 1324 4276 eoo

1211 4330 1325 4433 Inde,
