2872 5176
301 320 403 423 186
486 316 538 415 P.
570 316 841 427 Vrunrnrr
872 318 1154 423 Murourr

298 522 384 635 Ipse
402 522 491 609 rotis.
509 519 639 607 ffliens
644 521 737 631 juga
750 521 898 605 deserit.
926 520 1022 605 haec
1038 525 1202 613 itafume

297 664 470 775 Arripuit
487 664 645 775 bijugos.
673 664 787 747 frater
803 664 979 747 tendebat
995 666 1157 753 inermen
1289 678 1381 799 595‘

296 809 437 895 Infelix
455 806 612 921 primus,
643 835 758 889 curru
775 805 943 917 delapfirs
962 808 1111 893 eodem.

295 952 438 1048 Ferte,
466 977 548 1060 pu,
583 947 706 1057 quite
728 946 843 1029 talem
866 974 1039 1056 genuere,
1067 968 1278 1060 parentes„

296 1090 368 1171 Vir
385 1089 563 1213 Trojnne,
591 1085 667 1169 fine
684 1083 783 1167 hanc
800 1087 983 1188 animam,
1021 1105 1061 1167 et
1088 1089 1267 1179 miserere
1290 1122 1384 1209 pre-

481 1244 609 1309 cantls.

296 1366 472 1451 Pluribus
485 1365 605 1449 oranti
617 1365 783 1446 Aeneas:
813 1359 917 1444 haud
932 1360 1021 1445 ulia
1038 1365 1188 1451 dudum
1286 1404 1380 1492 599

296 1506 412 1593 Dina
428 1507 553 1590 dubus.
583 1533 742 1602 morere,
773 1522 812 1584 et
829 1504 984 1585 fratrem
1007 1532 1057 1587 ne
1072 1508 1197 1591 desere
1211 1508 1349 1602 stater.

294 1647 406 1731 Tum
423 1647 578 1730 latebras
594 1646 742 1727 animae
761 1648 891 1755 pectus
903 1672 1086 1729 mucrone
1103 1648 1280 1736 recludit.

294 1788 408 1873 Tulin
425 1816 490 1901 per
499 1814 657 1897 campos
666 1786 800 1868 edebat
820 1786 953 1866 funera
968 1786 1102 1868 duitor

293 1930 519 2026 Dardtniuu,
550 1927 719 2011 torrentis
732 1954 851 2036 aquae
864 1926 924 2007 vel
944 1927 1102 2010 turbinis
1114 1931 1184 2012 atri

293 2070 410 2153 More
422 2070 560 2154 furens.
577 2069 732 2151 tandem
746 2085 953 2179 erumpunt
969 2088 1008 2149 et
1019 2069 1137 2151 castra
1150 2070 1379 2187 relinquunt

295 2209 478 2294 Ascanius
499 2237 591 2322 puer
610 2228 649 2292 et
658 2210 914 2321 nequicquam
925 2208 1062 2291 obsessa
1073 2211 1262 2319 juventus.
1279 2222 1341 2304 ⁶0
1347 2250 1375 2333 5

297 2408 302 2439 ς
356 2352 550 2459 Junonem
564 2351 702 2433 interea
715 2349 920 2460 compellat
935 2350 1080 2459 Jupiter
1100 2351 1223 2437 uitro:

293 2495 336 2575 0
347 2519 525 2601 gernum
544 2490 643 2573 mihi
659 2511 772 2600 atque
788 2490 923 2571 eadem
943 2491 1146 2598 gratiffima
1157 2495 1321 2605 conjux,

291 2634 353 2715 Ut
368 2633 508 2732 rebare,
531 2633 678 2731 Venus,
710 2650 831 2714 necte
846 2631 1022 2712 sententia
1038 2631 1147 2735 fallit,

292 2777 475 2885 Trojanas
486 2774 660 2858 sustentat
670 2802 778 2883 opes:
810 2803 888 2854 nou
902 2775 1024 2855 vivida
1043 2776 1144 2856 bello
1276 2785 1370 2894 609

292 2919 438 3000 Dextra
449 2915 546 3013 viris,
577 2914 796 3023 animusque
807 2912 928 3011 ferox,
962 2913 1176 3023 patiensque
1191 2917 1338 3024 pericli.

291 3057 368 3136 Cui
387 3052 707 3160 Juuosummiffa:
737 3052 842 3158 quid,
874 3049 1163 3160 opulcherrime
1176 3055 1334 3163 conjux,

293 3195 475 3276 Sollicitas
492 3221 654 3302 aegram,
684 3210 722 3272 et
735 3209 799 3272 tua
812 3192 926 3272 tristia
939 3191 1039 3271 dicta
1058 3194 1283 3279 timentem?

294 3337 333 3417 Si
351 3334 461 3431 mihi,
493 3362 589 3442 quae
604 3333 797 3442 quondam
816 3332 950 3429 fuerat,
991 3361 1185 3442 quamque
1205 3336 1277 3419 effe
1297 3338 1371 3423 de-

476 3472 596 3569 cebat,

292 3615 362 3696 Vis
379 3613 419 3695 in
436 3640 564 3693 amore
581 3611 689 3709 foret,
721 3639 798 3692 non
816 3609 891 3691 hoc
911 3611 1012 3691 mihi
1032 3641 1196 3724 namque
1207 3645 1371 3728 negare·

291 3754 563 3864 Omnipotens:
596 3754 688 3861 quin
701 3771 740 3832 et
753 3780 900 3862 pugnae
918 3752 1120 3835 subducere
1142 3759 1339 3863 Turnum,

291 3896 345 3977 Et
355 3897 495 3976 Dauno
508 3893 652 4005 possem
669 3893 901 3975 incolumem
920 3895 1058 3975 servare
1078 3900 1232 4006 parenti.
1272 3904 1365 3988 616

291 4038 412 4119 Nunc
426 4054 563 4147 pereat,
578 4036 808 4144 Teucrisque
826 4036 889 4145 pio
910 4036 973 4116 det
988 4036 1165 4146 sunguine
1180 4067 1334 4151 poenas.

292 4178 503 4264 luctamen
519 4176 644 4262 nostra
654 4176 806 4261 deducit
821 4177 964 4289 origine
980 4160 1145 4280 uomen5

1295 4250 1366 4404 Pi·⁴
