2872 5176
280 336 379 465 ¹78
487 342 537 437 Ρ.
569 345 833 443 Vrncrurr
869 345 1148 448 Manonrs

279 541 353 623 Per
364 543 537 627 medium
554 572 630 656 qua
646 548 750 661 spina
765 548 888 650 dedit3
920 547 1142 662 hastamque
1156 566 1343 668 receptat

278 684 433 792 9ffibua
450 686 678 774 haerentem.
709 718 834 802 quem
848 719 927 776 non
945 694 1053 805 super
1072 704 1237 811 occupat
1260 700 1363 787 His·

460 827 552 928 bun,

279 971 354 1055 me
371 972 529 1083 quidem
539 968 615 1053 hoc
628 969 794 1081 sperans:
822 996 914 1052 nam
923 970 1044 1054 Pelias
1059 992 1145 1057 ante
1160 996 1358 1084 ruentem,

279 1119 393 1202 Dum
411 1116 514 1214 furit,
545 1114 740 1195 incautum
755 1110 896 1193 crudeli
912 1131 1035 1195 morte
1050 1115 1196 1218 sodalis,
1263 1124 1356 1233 38⁶

280 1259 448 1369 Excipit,
475 1274 588 1365 atque
598 1252 726 1335 ensem
742 1251 891 1332 tumido
911 1252 951 1333 in
967 1254 1152 1365 pulmone
1166 1262 1359 1344 recondit.

281 1403 387 1485 Hinc
403 1397 624 1483 Sthenelum
634 1395 740 1507 petit,
767 1399 808 1479 δι
824 1394 969 1477 Rhoeti
984 1397 1033 1481 de
1050 1419 1162 1509 gente
1178 1404 1330 1487 vetusta

94 1612 99 1629 .
278 1538 582 1637 Anchemolum,
610 1534 796 1620 thalamos
811 1536 943 1618 ausum
963 1540 1139 1625 incestare
1156 1572 1358 1634 novercae.

279 1678 362 1775 Yot
378 1682 491 1766 etiam
512 1679 656 1790 gemini
672 1676 824 1759 Rutulis
837 1678 1019 1763 cecidistis
1032 1681 1072 1761 in
1086 1683 1195 1785 arvis,
1263 1694 1356 1801 3'9'0

112 1788 118 1797 ⁵
277 1821 439 1919 Daucia,
465 1817 602 1902 Laride
617 1815 907 1926 Thymberque,
947 1817 1137 1903 fimillima
1151 1824 1291 1936 proies,

279 1960 479 2042 indiscreta
495 1959 581 2058 suis,
608 1957 803 2066 gratusque
817 1958 1027 2066 parentibus
1041 1989 1155 2049 error.

278 2092 336 2181 At
353 2126 455 2182 nunc
474 2098 569 2180 dura
586 2096 691 2178 dedit
706 2095 812 2179 vobis
825 2096 1037 2181 discrimina
1051 2101 1198 2203 Pallaa3

279 2238 388 2322 Nam
400 2239 481 2338 tibi,
514 2234 729 2346 Thymbre,
764 2254 877 2347 caput
892 2237 1101 2323 Evandrius
1116 2242 1272 2327 abstulit
1282 2274 1355 2331 en-

277 2432 283 2445 ·
463 2378 538 2475 fin

276 2518 341 2600 -Te
358 2517 478 2600 decisa
493 2516 619 2619 suum,
650 2516 799 2616 Laride,
814 2516 970 2600 dextera
986 2520 1152 2628 quaerit3
1256 2553 1316 2637 39
1323 2542 1349 2639 ς

277 2657 596 2767 Semianimesque
610 2658 752 2737 micant
763 2658 880 2765 digiti,
903 2660 1120 2769 ferrumque
1138 2668 1350 2749 retractant.

277 2801 457 2895 Arcadas,
488 2797 658 2878 accensos
678 2798 827 2878 monitu
845 2815 882 2878 et
896 2799 1080 2907 praeclara
1099 2820 1243 2884 tuentes

275 2944 310 3023 F
311 2946 392 3024 afta
411 2939 493 3034 viri,
524 2936 656 3020 mistus
671 2936 778 3018 dolor
796 2955 832 3016 et
850 2939 970 3046 pudor
982 2959 1101 3021 armat
1118 2944 1158 3022 in
1176 2941 1316 3030 hostes.

277 3083 387 3162 Tum
401 3077 521 3160 Pallas
534 3078 670 3187 bijugis
685 3077 892 3186 fugientem
908 3077 1078 3160 Rhoetea
1098 3101 1241 3188 praeter

275 3217 448 3326 Trajicit.
475 3214 551 3296 hoc
567 3216 727 3327 spatium
742 3234 965 3324 tantumque
976 3245 1102 3299 morae
1117 3218 1190 3300 fuit
1203 3222 1283 3308 1102

275 3358 513 3465 nonamque
530 3357 660 3465 procul
687 3356 849 3437 validam
869 3358 1050 3440 direxerat
1060 3356 1220 3462 hastam,
1251 3376 1340 3471 461

276 3505 407 3607 Qum
419 3496 566 3578 medius
583 3495 775 3578 Rhoeteus
785 3499 983 3608 intercipit,
1002 3503 1145 3611 optime
1159 3503 1345 3608 Teuthra,

273 3636 335 3719 Te
352 3635 511 3745 fugiens,
540 3635 769 3745 fratremque
787 3638 939 3746 Tyren:
971 3667 1155 3750 curruque
1176 3644 1344 3766 volutus,

271 3776 406 3858 Caedit
424 3775 649 3857 semianimis
671 3776 905 3859 Rutulorum
923 3778 1085 3862 calcibus
1097 3810 1194 3865 arva.

270 3918 331 3995 Ac
350 3914 465 4014 velut,
495 3933 622 4026 optato
640 3919 758 3999 ventis
776 3917 909 3998 aestate
928 3921 1076 4020 coortis,
1244 3948 1336 4040 405

267 4054 440 4164 Dispersa
457 4055 628 4137 immittit
645 4056 742 4140 srlvis
760 4057 932 4140 incendia
948 4060 1094 4170 pastor:

140 4214 145 4220 ·
267 4197 457 4312 Correptis
476 4197 596 4284 subito
610 4200 758 4305 mediis,
790 4198 1001 4286 extenditur
1009 4228 1092 4301 ,una

1173 4342 1345 4431 Horrida
