2872 5176
364 343 715 495 Aruernos
755 390 872 485 Lrs.
910 387 991 485 IX.
1087 419 1178 510 141

120 602 315 704 Ascanius,
345 597 471 683 meriti
481 596 574 680 tanti
593 620 671 679 noo
688 592 895 685 immemor
914 620 1097 704 unquam.
1179 678 1183 693 1

122 751 210 831 Imo
221 772 292 856 ego
305 769 385 842 vos,
416 738 479 821 cui
493 736 569 819 sola
580 733 677 831 salus¹
688 735 855 844 genitore
872 734 1041 835 reducto,

120 885 275 999 Excipit
287 880 480 979 Ascanius,
510 905 576 991 per
594 902 763 985 magnos,
794 874 899 1003 Nise3
917 876 1086 979 Penates,

122 1025 360 1134 Assaracique
373 1023 525 1117 Larem,
552 1032 591 1099 et
607 1043 720 1096 canae
734 1014 933 1126 penetralia
953 1015 1101 1117 Vestae,

124 1164 313 1247 Obtestor.
341 1180 586 1275 quaecunque
603 1152 701 1237 mihi
719 1154 869 1236 sortmra
884 1154 1050 1268 fidesque
1059 1158 1128 1261 est,

123 1306 169 1387 In
183 1303 308 1385 vestris
321 1330 423 1412 pono
443 1298 614 1411 gremiis:
646 1311 815 1379 revocate
834 1315 1048 1405 parentem3
1102 1302 1185 1387 261

123 1445 288 1529 Reddite
301 1444 555 1549 conspectum.
588 1438 686 1515 nibil
701 1437 767 1519 illo
779 1440 879 1522 triste
896 1460 1059 1552 recepto.

122 1585 216 1665 Bina
231 1581 330 1662 dabo
349 1592 502 1686 argento
520 1571 685 1685 perfecta
701 1591 813 1681 atque
826 1580 949 1685 aspera
963 1582 1074 1687 signis

124 1721 279 1819 Pocula,
310 1719 455 1801 devisis
472 1715 617 1826 genitor
630 1742 726 1824 quae
736 1715 836 1824 cepit
856 1716 986 1799 Arisba
996 1758 1010 1816 ς

126 1865 180 1944 Et
196 1859 360 1971 tripodas
370 1856 555 1968 geminos,
585 1855 666 1937 auri
681 1855 758 1935 duo
777 1883 914 1967 magna
932 1858 1081 1963 talenta
1105 1866 1159 1950 26
1165 1893 1191 1979 ς

126 2005 279 2085 Cratera
295 2000 508 2110 antiquum,
536 2025 654 2108 quem
672 1996 736 2078 dat
760 1997 911 2081 Sidonia
928 2000 1046 2089 Dido.

128 2144 167 2224 Si
184 2169 271 2225 vero
284 2167 415 2251 capere
433 2137 595 2236 ltaliam,
632 2137 855 2247 sceptrisque
871 2140 985 2251 potiri

129 2280 339 2390 Contigerit
351 2279 496 2376 victori,
526 2295 565 2358 et
583 2278 739 2388 praedae
760 2278 894 2358 ducere
910 2278 1073 2382 sortem3

129 2420 281 2519 Vidisti,
309 2447 387 2529 quo
404 2419 561 2500 Turnus
572 2445 685 2527 equ0,
715 2417 851 2528 quibus
868 2418 946 2501 ibat
962 2398 1145 2522 inarmis,

129 2562 305 2642 Aureus?
324 2557 448 2667 ipsum
460 2555 584 2656 illum,
598 2554 790 2666 clypeum,
809 2555 1004 2670 cristasque
1022 2563 1196 2647 rubentes

128 2700 330 2810 Excipiam
350 2698 449 2798 sorti,
478 2699 562 2808 jam
578 2725 681 2780 nunc
699 2713 763 2779 tua
780 2699 958 2808 praemia
982 2702 1086 2787 Nise.
1106 2696 1188 2818 271

106 2872 110 2881 ·
129 2841 321 2923 Praeterea
331 2838 388 2919 bis
408 2838 471 2920 sex
496 2838 641 2948 genitor
659 2837 852 2921 lefflffnna
868 2858 1035 2922 aratrum

131 2981 313 3091 Corpora,
323 2978 574 3091 captivosque,
590 2979 705 3083 dabit,
725 2979 862 3089 suaque
877 2981 1168 3063 omnibusarma
1180 3010 1207 3098 s

131 3122 285 3245 iusuper
302 3120 373 3221 his,
407 3120 533 3232 campi
549 3121 654 3232 quod
666 3148 733 3201 rex
751 3118 865 3202 habet
881 3120 957 3231 ipse
977 3123 1147 3208 Latinus.

132 3261 195 3341 Te
214 3288 315 3359 vero,
344 3289 429 3344 mea
448 3289 567 3373 quem
581 3261 702 3372 spatiis
715 3256 949 3373 propioribus
969 3282 1066 3349 aetas
1108 3291 1163 3378 27
1169 3289 1195 3377 ς

132 3397 354 3507 Insequitur,
373 3401 579 3481 venerande
599 3428 705 3506 puer,
729 3409 813 3501 J'am
832 3406 981 3509 pectore
997 3420 1079 3485 toto

135 3537 308 3647 Accipio,
339 3554 378 3618 et
394 3536 577 3618 comitem
595 3535 697 3617 casus
721 3534 954 3645 complector
965 3540 1004 3619 in
1022 3566 1167 3627 omnes.

21 3738 24 3745 .
85 3672 89 3679 ’
133 3676 253 3757 Nulla
264 3677 359 3759 meis
371 3676 446 3758 sme
467 3694 504 3756 te
522 3692 718 3785 quaeretur
731 3674 848 3785 gloria
860 3677 995 3762 rebus:

137 3818 208 3899 Seu
224 3810 370 3928 pacem,
401 3820 462 3901 seu
474 3818 573 3900 bella
586 3846 728 3929 geram,
758 3820 827 3900 tibi
845 3822 1011 3903 maxima
1029 3848 1156 3903 rerum

135 3960 426 4072 Verborumque
439 3960 541 4046 fides.
574 3981 702 4044 contra
717 3990 834 4072 quem
851 3962 937 4045 talia
948 3962 1048 4047 fatur
1112 3964 1199 4053 280

137 4099 341 4204 Euryalus:
373 4126 436 4180 me
449 4098 731 4183 nulladiestam
744 4099 1003 4185 fortibusaufis

137 4237 367 4351 Dissimilem
381 4240 559 4351 argueritz
590 4259 757 4325 tantum:
786 4241 934 4330 fortuna
949 4244 1110 4330 secunda

1121 4387 1204 4468 Aut
