2872 5176
384 436 898 535 AruernosLn.
933 436 1039 539 XII.
1135 473 1233 574 ²59

146 642 345 729 Anfratris
359 640 484 725 miseri
496 639 646 723 lethum
660 660 702 722 ut
717 641 867 724 crudele
887 643 1057 729 videres?

147 787 258 869 Nam
280 784 372 893 quid
390 787 487 893 ago?
517 803 582 865 aut
595 784 783 893 quaejam
793 783 950 894 spondet
964 783 1115 872 fortuna
1130 786 1228 874 salu·

265 929 272 949 ’
337 928 446 1006 tem?

148 1064 239 1147 Vidi
260 1063 391 1146 oculos
401 1078 489 1145 ante
507 1060 584 1173 ipse
595 1089 713 1160 meos,
746 1085 811 1141 me
824 1086 917 1143 voce
932 1080 1134 1148 vocantem

146 1204 390 1303 Murranum,
419 1231 497 1316 quo
515 1231 592 1285 non
604 1204 750 1315 superat
767 1199 867 1282 mihi
888 1204 1006 1286 carior
1019 1205 1112 1289 alter

144 1347 334 1457 Oppetere
351 1349 557 1456 ingentem,
590 1363 702 1455 atque
718 1344 862 1454 ingenti
873 1343 1025 1427 volnere
1036 1346 1193 1434 victum.

144 1486 298 1567 Occidit
317 1486 464 1584 infelix,
497 1513 545 1568 ne
563 1486 734 1567 nostrum
754 1483 928 1588 dedecus,
949 1483 1071 1570 Ufens
1133 1492 1215 1599 641

144 1621 351 1733 Aspiceret.
379 1624 521 1706 Teucri
534 1625 729 1734 potiuntur
742 1649 898 1733 corpore
914 1640 953 1703 et
969 1625 1096 1711 armis.

144 1764 373 1875 Exscindine
391 1765 540 1863 domos,
569 1766 609 1846 id
623 1762 733 1846 rebus
744 1763 864 1844 definit
884 1788 1019 1864 unum,

143 1902 345 2014 perpetiar,
383 1904 515 1987 dextra
528 1933 598 1986 nec
617 1904 778 1985 Drancis
791 1904 890 1985 dieta
901 1903 1100 1988 refellam?
1201 1959 1204 1964 ,

145 2047 273 2153 Terga
287 2046 400 2148 dabo,
449 2063 488 2127 et
501 2047 682 2129 Turnum
704 2045 914 2156 fugientem
931 2043 1026 2129 haec
1047 2063 1144 2131 tetra
1161 2040 1220 2128 vi·

331 2186 459 2270 debit?
1129 2191 1217 2299 645
1281 2264 1284 2269 .

141 2324 272 2436 Usque
287 2326 431 2407 adeone
444 2325 542 2407 mori
553 2325 733 2406 miserum
743 2322 825 2406 est?
852 2326 1220 2415 vosomihiManer

140 2463 209 2546 Est
229 2465 345 2565 boni3
384 2465 567 2576 quoniam
580 2466 718 2576 superis
738 2463 859 2547 aversa
876 2464 1059 2553 voluntas.

142 2608 275 2688 Sancta
291 2609 340 2688 ad
355 2635 423 2691 vos
433 2609 559 2693 arrima
572 2627 686 2719 atque
704 2608 806 2689 istius
824 2606 936 2689 inscia
952 2607 1086 2721 culpae

141 2748 393 2849 Descendam,
422 2777 650 2861 magnorum
673 2749 776 2832 haud
796 2776 968 2861 unquam
981 2749 1156 2860 indignus
1172 2777 1215 2832 a·

327 2916 477 2975 vorum.
1278 2972 1281 2979 ,

203 3028 282 3111 Vix
300 3058 344 3112 ea
356 3031 454 3114 fatus
468 3049 545 3113 erat
554 3072 567 3132 ;
601 3030 746 3113 medios
765 3029 877 3129 volat,
889 3056 1000 3133 ecoef
1006 3056 1074 3141 per
1089 3025 1216 3113 hostes

139 3171 282 3254 Vedius
300 3199 401 3283 equo
418 3174 614 3286 spumante
633 3175 757 3282 Sages,
787 3170 936 3253 adversa
956 3170 1084 3283 sagitta
1121 3173 1148 3255 6
1155 3199 1206 3282 51

116 3370 119 3376 -
140 3314 295 3396 Saucius
311 3343 390 3416 ora,
421 3317 569 3427 ruitque
588 3315 793 3427 implorans
807 3312 962 3395 nomine
978 3314 1185 3395 Turnumr
1241 3362 1251 3376 ⁵

141 3455 291 3554 Turne,
319 3454 408 3536 inte
425 3456 597 3566 suprema
608 3456 731 3555 salus;
763 3453 934 3536 miserere
946 3470 1114 3542 tuorum.

138 3592 336 3674 Fulminat
348 3597 495 3679 Aeneas
512 3598 646 3698 armis3
677 3595 915 3705 summasque
928 3596 1093 3677 minatur

136 3731 385 3841 Dejecturum
401 3761 501 3818 arces
513 3736 664 3834 Italum,
679 3734 901 3844 excidioque
912 3733 1108 3815 daturum:
1119 3735 1145 3819 6
1153 3759 1175 3847 5
1183 3756 1209 3844 5

137 3870 304 3982 Jamq'ue
321 3873 419 3956 faces
433 3876 485 3957 ad
501 3879 597 3957 terta
611 3876 749 3960 volant.
782 3875 822 3955 in
840 3891 878 3956 te
896 3900 964 3955 ora
979 3872 1118 3972 Latini,

137 4013 186 4094 Iu
196 4029 235 4094 te
247 4013 391 4120 oculos,
420 4016 606 4100 referunt:
637 4014 772 4098 muffet
788 4043 855 4096 rex
870 4013 946 4127 ipse
962 4014 1131 4114 Latinus,

137 4151 253 4261 Qus
264 4182 419 4264 generos
432 4180 555 4260 vocet,
566 4177 630 4242 aut
640 4186 738 4271 quae
749 4156 820 4240 sese
840 4156 887 4237 ad
905 4155 1057 4240 foedera
1070 4153 1207 4237 flectas
1329 4210 1335 4221 ae

137 4293 481 4413 Praetetcoregina,
512 4302 569 4386 tui
583 4300 770 4401 fidiffima,
799 4297 930 4379 dextra

678 4443 703 4522 8
739 4469 761 4524 2
1058 4429 1212 4515 Occidit
