2872 5176
276 393 342 490 74
451 360 502 460 Ρ.
539 361 818 456 Vraornrt
858 361 1172 466 Maturus

275 564 433 648 Extemi
450 565 605 646 veniunt
627 563 767 673 generi,
784 564 853 673 qui
874 565 1050 674 sanguine
1066 572 1237 656 nostrum

275 702 434 788 Nomen
445 706 485 787 in
496 703 740 818 allraferent5
757 730 996 815 quorumque
1004 709 1052 789 ab
1063 709 1173 824 stirpe
1182 734 1336 826 nepotes

274 845 418 928 Onmia
434 845 502 928 sub
518 845 689 956 pedibus,
709 873 784 954 qua
797 845 849 927 sol
865 864 1070 957 utrumque
1089 875 1280 939 recurrens

273 986 420 1097 Aspicit
432 1015 630 1085 oceanum,
652 984 820 1096 vertique
833 988 987 1106 regique
999 989 1192 1077 videbunt.
1272 1026 1347 1085 tor

273 1126 384 1208 Haec
396 1127 563 1240 responsa
575 1127 686 1238 patris
703 1125 838 1226 Fauni,
857 1128 1096 1254 monitusque
1117 1133 1240 1218 silenti
1343 1148 1346 1153 ’

272 1268 402 1350 Nosle
415 1268 532 1364 datos,
551 1293 627 1349 non
644 1266 719 1375 ipse
737 1266 804 1346 suo
821 1267 959 1377 premit
974 1297 1038 1349 ore
1050 1271 1232 1375 Latinus,

272 1410 347 1492 Sed
360 1409 506 1501 circum
525 1409 597 1491 late
614 1406 771 1489 volitans
782 1408 866 1516 jam
883 1408 986 1491 fama
1005 1439 1072 1522 per
1087 1417 1197 1499 urbes

271 1549 456 1630 Ausonias
470 1547 624 1645 tulerat;
643 1576 735 1628 eum
749 1548 1024 1633 Laomedontia
1038 1554 1157 1664 pubes
1263 1585 1348 1673 105

269 1692 477 1774 Gramineo
490 1690 591 1801 ripae
603 1689 769 1799 religavit
779 1691 828 1811 ah
842 1719 977 1800 aggere
995 1694 1158 1782 classem.

268 1836 429 1933 Aeneas,
449 1833 637 1944 primique
654 1832 778 1929 duces,
791 1850 829 1915 et
841 1832 999 1942 pulcher
1011 1836 1129 1934 Iiilus,

268 1975 439 2085 Corpora
457 1971 525 2054 sub
543 1972 657 2053 ramis
673 1972 866 2082 deponunt
882 1973 1023 2054 arboris
1038 1973 1144 2075 altae,

235 2079 240 2098 ,
267 2114 549 2223 instituuntque
561 2113 687 2223 dapes,
706 2132 745 2193 et
761 2114 895 2194 adorea
912 2111 988 2194 liba
1002 2141 1068 2223 per
1081 2114 1239 2200 herbam
1283 2198 1289 2206 ,

268 2255 478 2365 Subjiciunt
489 2253 621 2365 epulis,
642 2254 692 2334 s1c
711 2253 855 2362 jupiter
869 2252 944 2362 ipse
959 2256 1149 2355 monebat,
1265 2285 1342 2346 110

123 2505 130 2527 θ
266 2395 320 2477 Et
337 2394 489 2477 Cereale
508 2393 631 2475 solum
648 2394 772 2505 pomis
789 2393 990 2503 agrestibus
1008 2413 1158 2503 augent.

266 2535 509 2644 Consumptis
528 2533 592 2614 hic
609 2533 705 2615 forte
719 2533 811 2631 aliis,
829 2552 871 2614 ut
889 2553 1028 2615 vertere
1044 2537 1189 2617 morsus

263 2672 457 2786 Exiguam
474 2676 512 2756 in
530 2676 706 2755 Cererem
719 2675 874 2784 penuria
894 2674 1016 2783 adegit
1033 2676 1180 2775 edendi,

264 2818 319 2898 Et
330 2818 467 2899 violare
489 2842 606 2898 manu
623 2817 804 2924 malisque
821 2816 1021 2897 audacibus
1032 2818 1166 2899 orbem

264 2959 403 3040 Fatalis
417 2959 542 3055 crusti,
566 2956 698 3067 patulis
712 2985 781 3038 nec
799 2986 948 3067 parcere
966 2957 1139 3067 quadris;
1261 2985 1341 3075 ¹¹5¹

262 3100 391 3181 Heus!
423 3099 538 3180 etiam
555 3099 698 3178 mensas
718 3098 990 3196 consumimus,
1013 3099 1137 3207 inquit
1155 3099 1275 3196 Iiilus,

261 3240 350 3322 Nec
370 3239 488 3352 plura,
501 3238 680 3322 alludens.
712 3266 755 3319 ea
773 3266 847 3320 vox
865 3240 988 3319 audita
1008 3239 1181 3322 laborum

261 3381 393 3466 Prima
417 3379 502 3461 tulit
519 3380 651 3478 finem,
665 3379 904 3490 primamque
923 3377 1107 3488 loquentis
1123 3384 1171 3462 ab
1187 3410 1252 3463 ore

259 3520 412 3632 Eripuit
426 3535 541 3629 pater,
557 3546 601 3599 ac
619 3519 843 3628 stupefattus
857 3519 1013 3600 numine
1034 3521 1169 3629 preffit.

148 3640 153 3647 ¹
260 3661 466 3764 Continuo,
482 3657 577 3740 salve
594 3658 678 3741 fatis
693 3656 789 3740 mihi
808 3629 933 3738 debita
946 3656 1084 3756 tellus,
1133 3734 1135 3738 .
1251 3687 1335 3745 120

235 3774 426 3910 'Vosque
443 3799 507 3895 ait,
525 3826 550 3878 o
571 3796 637 3878 fidi
661 3798 798 3904 Trojae
816 3795 947 3878 salvete
968 3799 1133 3879 Penates.

259 3940 339 4021 Hic
361 3939 513 4035 domus,
541 3935 635 4017 haec
664 3936 781 4046 patria
803 3934 868 4016 est.
911 3935 1056 4045 genitor
1093 3930 1192 4015 mihi
1234 3933 1332 4034 talia,

320 4202 323 4207 Ι
441 4102 607 4184 namque
660 4190 664 4197 Ι
1332 4106 1336 4112 ·

257 4217 375 4305 Nunc
391 4233 532 4333 repeto,
544 4213 727 4304 Anchises
745 4214 909 4303 fatorum
925 4240 1058 4306 arcana
1067 4216 1241 4340 reliquit:

340 4374 371 4395 ·'
1225 4352 1331 4435 Cum
