2872 5176
265 392 365 492 226
451 387 1129 485 P.V1re1rnnlr1‹0nn

260 596 367 704 Ergo
383 594 628 680 intercaedes
645 590 889 702 cedentiaque
908 563 1061 701 agmina
1078 587 1275 673 Tarchon

265 734 401 818 Ferttu
413 763 525 845 equo,
557 737 738 845 variisque
756 734 904 844 instigat
916 734 1070 816 vocibus
1087 733 1177 835 alas,
1255 764 1286 851 7
1291 762 1356 847 ³⁰

261 874 437 960 Nomine
449 901 642 987 quemque
659 902 794 957 vocans
803 914 815 972 ;
834 874 1027 986 reficitque
1041 875 1080 957 in
1094 876 1238 987 praelia
1256 873 1357 989 pul-

448 1015 518 1102 sos.

266 1154 366 1255 Quia
386 1174 522 1255 metus,
553 1184 580 1238 o
595 1184 791 1268 nunquam
804 1156 970 1254 dolituri,
1002 1184 1027 1237 o
1047 1153 1195 1265 semper
1209 1153 1360 1237 inum

263 1294 481 1405 Tyrrheni?
512 1324 608 1407 quae
618 1316 718 1379 tanta
728 1298 862 1379 animis
877 1297 1021 1405 ignavia
1032 1297 1158 1380 venit?
1299 1334 1303 1339 ·

265 1436 452 1519 Foemina
467 1438 631 1549 palantes
647 1443 737 1551 agit,
768 1459 880 1550 atque
895 1437 989 1519 haec
1002 1439 1156 1547 agmina
1171 1435 1322 1521 vertiti

269 1582 363 1682 Quo
379 1579 551 1667 sertum?
581 1584 720 1694 quidve
737 1582 830 1664 haec
848 1581 1015 1693 gerimus
1034 1580 1113 1691 ,tela
1129 1579 1238 1662 irrita
1253 1578 1358 1662 dem·

451 1724 547 1809 trit?
1255 1746 1354 1837 aar

269 1865 327 1946 At
343 1891 421 1947 non
438 1867 478 1946 in
499 1866 689 1949 Venerem
705 1868 831 1975 segnes
850 1869 1106 1972 noelurnaque
1123 1862 1253 1964 bella,

270 2002 366 2103 Aut,
397 2002 465 2084 uhi
478 2029 591 2088 curva
609 2004 745 2087 choros
758 2004 895 2086 indixit
908 2003 998 2084 tibia
1015 2003 1169 2104 Bacchi,

269 2138 480 2253 Expeelare
492 2144 605 2256 dapar
620 2163 660 2227 et
675 2146 807 2257 plenae
826 2141 961 2255 pocula
978 2143 1137 2226 mensae.

270 2279 352 2363 Hic
368 2270 490 2388 amon
515 2283 592 2368 hoc
610 2286 800 2383 studium3
822 2286 916 2366 dum
930 2283 1027 2364 sacra
1044 2280 1229 2365 secundun
1244 2279 1355 2365 arus·

455 2450 532 2534 1³⁶¹

270 2560 456 2664 Nunciet,
486 2592 531 2647 ac
545 2565 649 2647 lucos
665 2585 774 2649 vocet
793 2560 912 2646 hostia
926 2564 1074 2675 pinguis
1086 2563 1124 2642 in
1136 2560 1243 2643 altore
1255 2576 1351 2675 74⁶

272 2705 383 2786 Haec
400 2705 544 2805 effatus,
576 2738 720 2818 equum
735 2711 774 2789 in
796 2709 940 2790 medios
956 2708 1158 2787 moriturus
1175 2706 1311 2815 etipse

274 2846 473 2930 Concitet:
505 2867 543 2930 et
560 2842 712 2931 Venulo
729 2851 925 2932 adversum
950 2850 984 2929 se
1005 2846 1173 2927 turbidus
1192 2846 1325 2945 infert,

275 2989 564 3100 Dereptumque
585 2991 632 3073 ab
650 3021 748 3102 equo
761 2993 889 3072 dextra
903 2990 1166 3100 complestitur
1183 2989 1355 3090 hostem,

213 3162 216 3168 ·
275 3129 328 3207 Et
345 3129 535 3235 gremium
552 3148 637 3212 ante
657 3134 767 3212 suum
779 3131 951 3212 multari
970 3130 1138 3209 concitus
1152 3127 1291 3216 aufert.

276 3270 443 3349 Tollitur
463 3270 502 3350 in
521 3274 673 3353 coelum
690 3272 860 3368 clamor;
891 3273 1093 3380 cundlique
1111 3272 1238 3350 Latini
1259 3302 1352 3386 745

276 3410 660 3495 Convertereoculos.
692 3410 792 3491 volat
810 3410 939 3519 igneus
959 3437 1118 3518 aequore
1136 3409 1325 3493 Tarchon

278 3550 401 3629 Arma
414 3549 612 3658 virumque
627 3550 767 3633 ferens:
805 3570 889 3630 tum
902 3549 1050 3630 summa
1061 3551 1172 3659 ipsius
1186 3551 1233 3631 ab
1246 3551 1357 3634 hasta

277 3688 473 3797 Diffringit
487 3687 641 3788 serrum,
677 3712 713 3772 et
731 3711 848 3801 partes
861 3691 1015 3772 rimatur
1027 3709 1181 3799 apertas,

277 3838 366 3939 Qu
383 3819 516 3912 volnus
536 3833 670 3914 lethale
682 3835 786 3918 ferat.
816 3852 943 3912 contra
963 3833 1026 3914 ille
1045 3862 1258 3944 repugnans

278 3971 614 4079 Sustinetajugulo
633 3975 815 4071 dextram,
839 3988 877 4051 et
890 3972 970 4051 vim
984 3972 1123 4053 viribus
1136 3975 1224 4056 exit.
1261 4001 1290 4088 7
1297 4003 1358 4086 50

277 4117 406 4224 thue
421 4106 548 4193 volans
563 4112 634 4209 alte
649 4133 799 4224 raptum
811 4139 902 4195 cum
919 4111 1021 4195 solva
1036 4114 1238 4195 draconem
1345 4181 1349 4186 .

1269 4251 1368 4371 Fert
