2872 5176
270 314 368 416 118
474 317 527 415 P.
568 304 839 429 Vrnorrrr
876 318 1157 419 Manorus

265 512 429 606 Exercet
440 520 555 632 penso
565 561 579 620 3
610 519 757 602 castum
775 538 817 600 ut
831 520 969 603 servare
987 524 1115 608 cubile

265 662 461 773 Conj'ugis,
492 681 531 745 et
541 662 651 777 poffit
672 691 804 773 parvos
821 662 979 744 educere
1000 684 1118 751 natos.

264 802 385 887 Haud
406 805 508 889 secus
525 807 747 919 ignipotens,
786 833 856 887 nec
877 822 1047 917 tempore
1065 810 1210 920 segnior
1226 812 1309 914 illo,

264 946 489 1033 Mollibuse
510 948 628 1031 stratis
646 976 760 1061 opera
772 949 819 1029 ad
830 948 975 1030 fabrilia
987 949 1112 1062 surgit.
1246 984 1335 1069 415

327 1090 452 1176 Insula
470 1091 660 1174 Sicanium
667 1097 776 1202 juxta
796 1089 889 1170 latus
903 1091 1154 1202 Aeoliamque

264 1220 433 1346 Erigitur
449 1232 625 1344 Liparen,
656 1230 888 1314 fumantibus
906 1231 1021 1313 ardua
1036 1234 1129 1316 saxis
1138 1275 1151 1332 ;

264 1374 396 1474 Quam
409 1372 533 1457 subter
549 1372 690 1483 specus,
722 1390 760 1454 et
775 1372 990 1483 Cyclopum
1011 1376 1118 1455 exesa
1134 1375 1292 1457 caminis

264 1519 388 1601 Antra
405 1516 551 1597 Aetnea
564 1530 706 1612 tonant,
738 1513 926 1624 validique
941 1514 1139 1597 incudibus
1162 1517 1257 1596 istus

263 1652 583 1739 Auditi-referunt
596 1653 795 1764 gemitum,
827 1654 1060 1765 striduntque
1072 1658 1337 1763 cavernis420

265 1792 466 1877 Stristurae
482 1787 715 1902 Chalybum,
734 1811 772 1876 et
793 1794 1005 1876 fornacibus
1020 1795 1115 1905 ignis
1129 1795 1306 1895 anhelat;

263 1924 428 2017 Volcani
444 1933 594 2031 domus,
612 1948 650 2013 et
662 1930 844 2011 Volcania
858 1932 1013 2012 nomine
1031 1932 1150 2014 tellus.

254 2074 358 2195 ‘Huc
375 2093 466 2157 tune
486 2071 696 2183 ignipotens
710 2070 818 2154 coelo
845 2072 1033 2153 descendit
1051 2073 1099 2154 ab
1114 2075 1201 2157 alto.

262 2220 426 2305 Ferrum
444 2215 668 2300 crescebant
687 2214 789 2296 vasto
808 2216 994 2327 Cyclopes
1014 2217 1184 2317 inantro,

262 2360 504 2472 Brontesque,
538 2358 790 2468 Steropesque,
817 2375 854 2437 et
871 2355 993 2439 nudus
1011 2358 1183 2440 membra
1196 2359 1336 2468 Pyrac-

450 2526 556 2580 mon.
1243 2528 1299 2608 4²
1308 2530 1333 2615 5

261 2642 337 2727 His
351 2638 598 2724 informatum
610 2639 871 2747 manibusjam
890 2656 992 2749 parte
1005 2640 1120 2750 polita

261 2787 429 2872 Fulmen
442 2802 540 2884 erat;
572 2802 651 2866 toto
669 2785 813 2894 genitor
828 2811 923 2894 quae
941 2783 1104 2895 plurima
1121 2783 1229 2865 coelo

261 2928 405 3039 Dejicit
421 2928 462 3009 in
477 2918 610 3008 terras:
642 2953 726 3034 pars
746 2924 963 3035 imperfesta
981 2925 1168 3006 manebat.

261 3062 361 3147 Tres
379 3067 510 3147 imbris
524 3066 611 3145 torti
629 3065 762 3160 radios,
793 3081 866 3143 tres
884 3066 993 3144 nubis
1007 3067 1164 3173 aquosae

262 3203 511 3299 Addiderunt,
542 3204 643 3283 rutili
660 3220 732 3283 tres
751 3203 859 3311 ignis,
887 3219 924 3282 et
942 3203 1037 3283 alitis
1054 3205 1176 3285 austri.
1242 3230 1330 3314 430

261 3342 445 3451 fulgores
459 3370 560 3424 nunc
575 3342 764 3436 terrificos,
796 3340 1045 3450 sonitumque,
1066 3362 1302 3454 metumque,

262 3483 476 3569 Miscebant
489 3484 616 3595 operi,
638 3482 873 3592 flammisque
891 3483 1107 3593 sequacibus
1120 3486 1202 3569 iras.

261 3625 373 3707 Parte
390 3623 462 3705 alia
475 3622 594 3704 Marti
608 3642 835 3732 currumque
844 3624 1013 3734 rotasque
1027 3625 1193 3705 volucres

264 3738 477 3864 instabant,
510 3763 647 3875 quibus
661 3762 724 3846 ille
736 3763 846 3864 viros,
867 3765 1003 3876 quibus
1020 3766 1157 3846 excitat
1174 3764 1303 3852 urbes:

262 3905 486 4014 Aegidaque
496 3902 723 4004 horrificam,
754 3907 920 3988 turbatae
934 3904 1094 3989 Palladis
1109 3936 1223 4009 arma,
1240 3934 1329 4023 435

260 4046 445 4125 Certatim
462 4044 623 4154 squamis
636 4049 848 4159 serpentum
862 4076 1027 4160 auroque
1046 4050 1226 4162 polrbant,

136 4170 140 4181 ’
262 4184 537 4298 Connexosque
554 4210 704 4299 angues,
734 4186 928 4303 ipsamque
944 4190 1146 4305 inpestore
1162 4190 1277 4271 divae·
1318 4230 1325 4237 ·

261 4348 264 4353 ’
373 4352 415 4361 ’·
679 4379 696 4391 ·-
745 4362 749 4367 ·
1134 4331 1330 4441 Gorgona,
