2872 5176
313 389 341 460 2
430 357 1175 479 e.,P.V1n011.11Mnnou1s

312 564 570 674 obliquatque
593 563 690 644 smus
709 564 747 646 in
767 581 937 657 ventum,
956 589 1000 641 ac
1014 561 1100 640 talia
1115 560 1234 645 satur:
1334 569 1388 654 16

292 704 561 810 'Magnanime
579 704 720 801 Aenea,
740 731 829 805 non,
851 697 991 780 fimihi
1006 701 1151 809 Jupiter
1169 703 1300 783 audior

313 841 512 953 Spondest,
532 838 606 921 hoc
623 839 767 950 sperem
787 841 934 943 Italiam
957 840 1171 947 contingere
1190 841 1311 937 coelo.

313 974 458 1063 Mutati
481 979 676 1060 transversa
699 979 881 1078 fremunt,
898 995 935 1059 et
948 978 1093 1088 vespere
1108 979 1155 1060 ab
1171 998 1250 1061 atro

315 1121 554 1230 Consurgunt
572 1120 698 1218 venti;
725 1139 838 1229 atque
860 1120 900 1198 in
918 1119 1059 1199 nubem
1076 1120 1225 1228 cogitur
1242 1125 1317 1204 ae'r.
1333 1144 1393 1203 20

314 1261 403 1344 Nec
423 1289 490 1343 nos
509 1261 628 1343 obniti
653 1279 796 1357 contra,
820 1286 889 1340 nec
906 1259 1056 1359 tendere
1071 1277 1220 1357 tanturn

317 1386 545 1483 Sufficimus.
572 1400 716 1511 superat
734 1400 917 1509 quoniam
934 1399 1095 1496 fortuna,
1120 1401 1320 1509 sequamur
1335 1438 1349 1498 ς

321 1541 489 1648 Qoque
506 1557 625 1636 vocat,
644 1513 831 1620 vertamus
846 1538 925 1619 iter.
959 1565 1028 1617 nec
1044 1538 1151 1618 litora
1163 1538 1275 1649 longe

320 1680 417 1762 Fida
427 1708 509 1761 reor
523 1680 683 1762 fraterna
697 1679 840 1789 Erycis,
853 1679 1050 1788 portusque
1064 1680 1214 1762 Sicanos
1232 1712 1244 1763 t

323 1820 363 1898 Si
378 1821 495 1900 modo
513 1822 581 1901 rite
598 1848 746 1904 memor
767 1819 903 1898 servata
919 1820 1093 1900 remetior
1111 1821 1215 1902 astra.
1336 1842 1361 1903 2
1368 1844 1396 1932 5

323 1957 434 2039 Turn
454 1959 538 2069 pius
552 1961 697 2039 Aeneas
711 1997 724 2055 3
752 1956 930 2065 equidem
946 1955 996 2034 stc
1011 1957 1157 2064 poscere
1170 1976 1298 2039 ventos

327 2100 581 2205 Jamdudutn,
610 2117 649 2179 et
668 2097 800 2205 frustra
818 2124 931 2183 cerno
961 2112 998 2177 te
1013 2097 1178 2189 ,tendere
1197 2116 1338 2184 contra.

311 2237 453 2345 ‚Flecte
476 2239 577 2319 viam
593 2237 695 2324 retis.
717 2265 765 2319 an
782 2236 826 2317 fit
843 2233 940 2321 mihi
959 2236 1096 2343 gratior
1113 2236 1204 2342 uisa,

327 2381 465 2484 Qove
483 2377 602 2485 magis
619 2372 726 2459 fessas
742 2393 872 2484 optem
888 2373 1077 2477 dimittere
1091 2401 1214 2478 naves,

328 2520 461 2617 Quam
478 2544 574 2625 quae
591 2514 827 2601 Dardanium
844 2512 953 2595 tellus
963 2511 1060 2598 mihi
1079 2513 1194 2596 servat
1207 2519 1399 2624 Acesten,

330 2657 382 2770 Et
401 2657 514 2769 patris
527 2654 715 2741 Anchisae
729 2653 875 2765 gremio
892 2651 1153 2762 compleditur
1169 2658 1272 2743 ossa?
1344 2693 1397 2777 3¹

328 2794 440 2879 Haec
456 2797 521 2885 ubi
532 2796 644 2893 dicia,
663 2811 795 2905 petunt
811 2810 952 2905 portus,
972 2809 1010 2873 et
1026 2793 1106 2874 vela
1122 2794 1273 2885 secundi

332 2936 538 3052 Intendunt
563 2933 735 3045 zephyri.
761 2933 879 3017 fertur
895 2933 969 3013 cita
985 2933 1130 3042 gurgite
1147 2935 1290 3024 claffis:

333 3077 387 3159 Et
403 3077 557 3165 tandem
575 3077 661 3159 laeti
682 3092 792 3159 notae
802 3076 1041 3157 advertuntur
1066 3102 1210 3160 arenae.

336 3216 393 3321 ᾼῑ
406 3215 536 3325 procul
549 3215 694 3334 excelso
714 3214 868 3301 miratus
881 3214 1016 3297 vertice
1034 3215 1171 3309 montis
1352 3246 1376 3336 3
1385 3247 1412 3337 5

257 3372 262 3391 ¹
337 3355 569 3456 Adventum,
589 3356 778 3467 sociasque
791 3373 898 3457 rates,
925 3357 1088 3437 occurrit
1103 3357 1269 3457 Acestes,

336 3499 525 3582 Horridus
543 3501 583 3583 in
602 3497 737 3608 jaculis
751 3515 789 3579 et
799 3497 897 3608 pelle
911 3497 1116 3607 Libystidis
1132 3499 1233 3582 ursae
1248 3533 1261 3583 z

338 3638 463 3718 Tro't'a
481 3639 625 3719 Criniso
649 3655 877 3747 conceptum
894 3634 1054 3718 flumine
1079 3655 1198 3720 mater

338 3781 472 3874 Quem
480 3780 618 3887 genuit.
638 3797 807 3861 veterum
818 3804 898 3862 non
909 3778 1117 3885 immemor
1132 3778 1418 3893 illeputentutn,

339 3919 516 4001 Gratatur
533 3920 699 4020 reduceS,
725 3940 762 4001 et
781 3947 875 4029 gaza
889 3919 1008 4002 laetus
1024 3921 1157 4030 agresti
1356 3951 1422 4033 40

343 4060 509 4169 Excipit,
524 4089 567 4142 ac
585 4061 691 4143 fessos
706 4061 842 4171 opibus
861 4060 999 4157 solatur
1023 4062 1169 4147 amicis.

342 4199 493 4285 Postera
509 4203 741 4314 cumprime
766 4199 888 4289 stellas
907 4201 1048 4289 oriente
1067 4202 1212 4325 sugarat

1309 4336 1424 4422 Clara
