2872 5176
343 343 709 446 Ammon.
748 345 962 447 Lmvn
1141 386 1208 489 59

126 552 267 643 Infelix
280 546 477 651 Theseus:
506 544 767 661 Phlegyasque
781 551 1010 635 miserrimus
1024 583 1158 641 omnes

125 697 334 794 Admonet,
346 710 386 775 et
401 717 540 804 mugra
556 690 709 774 testatur
720 720 813 775 voce
831 716 898 805 per
909 695 1085 780 umbras:

127 837 270 923 Discite
279 814 466 946 justitiam
480 832 631 940 moniti,
651 853 689 917 et
706 863 784 918 non
800 854 966 919 temnere
979 837 1097 926 divos.
1116 846 1208 929 620
1341 866 1347 876 “

127 976 310 1060 Vendidit
323 974 388 1058 hic
405 1005 497 1060 auro
517 976 688 1088 patriam,
710 977 988 1089 dominumque
1003 998 1198 1092 potentem

124 1118 332 1231 Imposuit:
365 1116 449 1200 fixit
465 1115 565 1229 leges
585 1119 707 1229 pretio
724 1135 840 1229 atque
858 1119 991 1204 refixit.

125 1259 206 1342 Hic
223 1255 438 1341 nolanum
450 1258 579 1339 invasit
594 1274 714 1361 natue,
728 1257 933 1370 vetitosque
950 1257 1193 1371 hymenaeos.

129 1396 223 1483 nun
242 1425 376 1481 omnes
394 1399 564 1480 immane
584 1398 701 1496 nefas,
722 1399 884 1510 ausoque
901 1401 1021 1512 potiti.

122 1539 230 1641 Non,
239 1539 693 1652 mihisriinguaecentum
702 1542 784 1640 sint,
796 1570 934 1654 oraque
942 1547 1206 1661 centurn,625

125 1682 262 1765 Ferre:
275 1710 367 1785 vox,
386 1710 520 1765 omnes
538 1681 720 1765 scelerum
736 1686 1006 1794 comprendere
1023 1688 1178 1789 formas,
1339 1710 1342 1715 ·

128 1824 272 1906 Omnia
292 1850 502 1936 poenarum
514 1852 727 1937 percurrere
744 1824 912 1924 nomina,
934 1826 1085 1938 poffim.

188 1965 298 2046 Haec
316 1966 383 2047 ubi
403 1967 503 2050 dicia
516 1967 620 2050 dedit
638 1965 784 2049 Phoebi
802 1966 980 2078 longaeva
996 1967 1186 2051 sacerdos:

133 2103 206 2185 Sed
237 2106 321 2215 jam
351 2134 433 2215 age,
472 2135 583 2218 carpe
613 2109 728 2204 viam,
758 2125 795 2189 et
827 2105 1038 2219 susceptum
1070 2108 1210 2218 perfice

316 2271 484 2327 munus:
1163 2352 1167 2363 Ι

128 2383 411 2483 Acceleremur,
431 2388 495 2469 ait.
557 2385 776 2496 Cyclopum
796 2385 929 2467 edudta
941 2385 1100 2469 caminis
1119 2392 1208 2500 630

128 2528 289 2615 Moenia
308 2527 509 2638 conspici0,
528 2545 641 2636 atque
655 2527 805 2611 adverso
819 2527 962 2610 fornice
982 2547 1129 2641 portas:

130 2675 239 2753 Haec
260 2669 323 2750 ubi
343 2697 411 2750 nos
430 2686 624 2779 praecepto
635 2670 771 2777 jubent
785 2669 972 2780 deponere
991 2671 1103 2756 dona.

131 2813 312 2896 Dixerat:
341 2828 379 2890 et
397 2811 530 2919 pariter
553 2810 660 2918 greffi
679 2838 746 2919 per
765 2838 881 2917 opaca
903 2811 1050 2890 viarum

130 2952 348 3064 corripiunt
381 2950 543 3061 spatium
580 2949 765 3048 medium,
803 2949 1017 3061 foribusque
1053 2950 1210 3063 propin·¹

318 3110 448 3201 quant.

132 3237 304 3344 Occupat
326 3236 475 3314 Aeneas
494 3233 650 3331 aditum,
671 3230 878 3342 corpusque
896 3234 1036 3316 recenti
1120 3237 1172 3346 63
1183 3260 1209 3346 5

133 3375 278 3484 Spargit
291 3403 400 3483 aqua,
421 3354 649 3485 ramumque
667 3372 817 3454 adverso
835 3373 874 3453 in
894 3372 1025 3456 limine
1042 3372 1137 3483 figit.

196 3512 270 3592 His
284 3511 443 3593 demum
456 3516 607 3612 exactis,
630 3514 796 3623 perfecto
814 3540 969 3594 munere
990 3512 1111 3612 divae,

135 3656 331 3737 Devenere
349 3655 452 3739 locos
473 3654 601 3760 laetos,
620 3674 658 3737 et
673 3682 832 3737 amoena
851 3656 966 3737 vireta

131 3798 166 3879 F
167 3815 429 3880 ortunatorum
447 3826 662 3895 nemorum,
682 3795 855 3907 sedesque
872 3796 1008 3878 beatas.

132 3936 291 4046 Largior
321 3933 387 4016 hic
410 3963 566 4048 campos
590 3934 717 4017 aether
733 3953 772 4016 et
792 3933 937 4016 lumine
955 3931 1063 4016 vestit
1123 3935 1212 4043 640

134 4077 359 4191 Purpure03
395 4074 588 4189 solemque
601 4074 725 4178 suurn,
744 4075 807 4159 sua
824 4076 952 4174 fidera,
970 4090 1121 4157 norunt.

133 4217 279 4309 Patrio
298 4218 500 4333 gramineis
513 4233 689 4303 exercent
707 4216 881 4304 membra
894 4214 1096 4329 palaestris,

972 4351 1217 4443 Contendunt
