2872 5176
264 367 356 483 198
463 359 519 453 P.·
556 354 825 452 Vrnutnrr
862 333 1140 451 Minurus

393 840 445 935 P.
479 832 807 934 VIRGILII
844 827 1196 925 MARONIS

261 1162 1344 1365 AENEIDOS

548 1592 1034 1679 LIBERXI.

434 2014 608 2095 Ceanum
627 2011 765 2090 interea
783 2006 932 2115 surgens
949 2035 1080 2093 aurora
1092 2011 1255 2123 reliquit.

262 2011 429 2342 O
458 2153 616 2246 Aeneas,
645 2174 879 2259 quamquam
894 2163 931 2225 et
948 2146 1053 2230 sociis
1073 2151 1160 2232 dare
1184 2169 1346 2267 tempus

552 2291 755 2375 humandis

264 2434 513 2543 Praecipitant
532 2459 653 2530 curae,
684 2429 902 2539 turbataque
918 2426 1047 2512 funere
1065 2459 1172 2517 mens
1188 2434 1259 2533 est,

264 2571 367 2653 Vota
385 2570 502 2655 deum
516 2570 641 2681 primo
654 2571 773 2650 vietor
784 2569 946 2650 solvebat
960 2597 1042 2652 eoo.

264 2709 464 2817 Ingentem
482 2735 677 2818 quercum,
704 2706 830 2788 decisas
848 2707 1013 2814 undique
1027 2710 1151 2807 ramis,
1315 2747 1341 2826 5

265 2849 469 2931 Constituit
479 2848 643 2948 tumu10,
675 2847 930 2958 fulgentiaque
951 2847 1071 2927 induit
1083 2876 1199 2948 arma,

265 2988 438 3070 Mezenti
455 2989 561 3071 ducis
574 2988 750 3083 exuvias;
781 2986 862 3084 tibi,
881 3014 1028 3094 magne,
1049 3005 1260 3096 tropaeum,

265 3126 511 3235 Bellipotens:
540 3142 638 3233 aptat
650 3142 810 3205 rorantes
823 3122 997 3231 sanguine
1011 3124 1146 3221 cristae,

266 3262 440 3370 Telaque
450 3280 579 3342 trunca
596 3262 678 3362 viri,
720 3279 756 3340 et
774 3260 830 3339 bis
848 3259 909 3339 sex
921 3258 1071 3340 thoraca
1084 3262 1245 3371 petitum

267 3396 553 3506 Perfolsumque
567 3397 657 3475 locis
667 3435 679 3492 3
698 3396 952 3506 clypeumque
963 3424 1100 3478 exacte
1113 3396 1299 3487 finistraer
1312 3435 1340 3487 0

270 3536 451 3645 Subligat,
480 3554 591 3649 atque
609 3536 734 3618 ensem
748 3536 846 3617 collo
858 3535 1040 3647 suspendit
1052 3538 1252 3621 eburnum.

267 3682 378 3760 Tum
394 3676 523 3776 socios,
554 3706 719 3788 namque
737 3679 861 3758 omnis
878 3707 967 3760 eum
985 3678 1115 3790 stipata
1124 3674 1273 3789 tegebat

266 3817 400 3898 Turba
412 3819 568 3918 ducum,
597 3818 647 3898 fic
664 3818 842 3928 incipiens
854 3817 1022 3901 hortatur
1034 3837 1210 3901 ovantesr

266 3958 443 4041 Maxima
452 3987 508 4040 res
519 3957 663 4057 effecta,
681 3960 770 4042 viri:
801 3960 915 4043 timor
932 3962 1055 4045 omnis
1072 3960 1199 4045 abesto

265 4100 382 4211 Qud
392 4099 573 4211 superest;
604 4098 697 4183 haec
710 4102 792 4183 sunt
806 4103 932 4214 spolia,
951 4121 988 4186 et
1006 4106 1053 4188 de
1071 4131 1157 4215 rege
1174 4101 1340 4215 superbo

264 4239 473 4329 Primitiae:
505 4242 749 4356 manibusque
762 4244 857 4333 meis
869 4245 1084 4340 Mezentius
1094 4243 1158 4330 hic
1171 4240 1239 4328 est.
1276 4232 1334 4327 16

1215 4382 1338 4469 Nunc
