2872 5176
367 366 685 458 Aruernos
712 363 825 463 Lru.
861 358 946 460 Xl.
1064 397 1160 509 203

160 568 283 666 Tum,
307 564 438 665 senior,
463 565 682 675 semperque
694 565 1016 681 odiisetcrimine,
1036 577 1163 667 Dran.

280 732 355 804 eea,
1155 742 1159 747 ·

98 846 267 930 Infensua
280 845 409 955 juveni
429 846 576 944 Turno,
607 844 657 927 lic
678 826 910 932 oreviciflim

99 990 193 1072 Orsa
211 987 345 1071 refert:
380 1017 406 1069 o
423 985 525 1070 fama
543 987 684 1098 ingens,
716 988 901 1099 ingentior
916 1002 1041 1103 armis,

99 1131 172 1211 Vir
184 1130 360 1238 Trojane,
373 1129 510 1238 quibus
523 1129 630 1210 coelo
641 1147 679 1208 te
697 1127 867 1212 laudibus
878 1152 1062 1247 aequem?
1078 1179 1128 1240 12
1135 1184 1162 1269 5

98 1270 314 1376 justitiaene
330 1268 432 1377 prius
448 1268 575 1366 mirer,
606 1268 742 1350 belline
760 1268 961 1360 laborum?

100 1413 144 1492 N
144 1439 186 1493 os
203 1438 292 1492 vero
304 1404 398 1491 haec
412 1408 568 1519 patriam
586 1412 679 1518 grati
695 1411 897 1497 referemus
913 1420 960 1499 ad
972 1422 1107 1513 urbem
1121 1464 1133 1518 ς

98 1554 152 1634 Et
167 1572 217 1652 te,
248 1552 362 1659 fiqua
380 1549 482 1628 viam
499 1546 641 1627 dederit
652 1548 813 1649 fortuna,
843 1554 980 1641 Latino

99 1688 310 1798 jungemus
323 1686 413 1796 regi.
445 1703 596 1796 quaerat
616 1686 684 1768 fibi
695 1686 845 1772 foedera
857 1696 1025 1789 Turnus,

99 1826 207 1941 Qin
219 1847 257 1910 et
270 1825 397 1908 fatales
411 1852 608 1908 murorum
621 1827 787 1911 attollere
804 1833 935 1937 moles,
1077 1874 1163 1966 ¹30

100 1975 270 2081 Saxaque
280 1967 491 2051 subvectare
506 1964 673 2050 humeris
688 1971 863 2081 Trojana‚
888 1978 1044 2086 juvabit,

161 2115 321 2196 Dixerat
338 2110 446 2211 baec,
475 2137 628 2223 'unoque
646 2138 779 2193 omnes
795 2116 927 2201 eadem
945 2152 1009 2207 ore
1026 2128 1165 2218 freme-

284 2246 386 2335 bant.
904 2304 905 2308 κ

100 2396 164 2481 Bis
183 2394 287 2478 senos
306 2393 479 2506 pepigere
497 2390 601 2489 dies;
633 2409 671 2470 et
687 2418 779 2500 pace
799 2394 982 2506 sequestra

100 2540 173 2621 Per
186 2537 291 2617 sslvas
310 2534 464 2628 Teucri,
496 2530 670 2639 mistique
687 2531 844 2641 impune
856 2536 995 2641 Latini,
1155 2526 1157 2530 Α

100 2676 402 2788 Erraverejugis.
434 2674 532 2756 ferro
551 2673 653 2753 sonat
675 2672 746 2753 icta
764 2674 918 2799 bipenni
1077 2720 1094 2778 1
1104 2723 1126 2807 3
1135 2722 1161 2808 ς

100 2818 307 2900 Fraxinus:
339 2831 506 2896 evertunt
517 2816 615 2893 aetas
632 2812 679 2891 ad
696 2812 812 2894 fidera
825 2817 956 2925 pinus:

53 2942 56 2948 ¹
100 2960 256 3043 Robora
268 2982 338 3038 nec
351 2954 480 3035 cuneis
492 2969 529 3034 et
546 2951 709 3040 olentem
723 2951 885 3036 scindere
903 2959 1072 3064 cedrum,
1152 3008 1161 3021 ·

100 3100 188 3184 Nec
206 3093 376 3207 plaustris
397 3091 530 3174 ceffant
547 3094 691 3173 vedare
709 3095 944 3199 gementibus
961 3130 1084 3192 ornos.

161 3237 302 3345 Etjam
313 3232 416 3315 fama
432 3233 572 3330 volans,
603 3229 695 3311 tanti
708 3236 925 3340 praenuntia
936 3238 1071 3344 luctus,

100 3378 334 3473 Evandrum,
345 3373 585 3481 Evandrique
597 3371 744 3468 domos,
759 3389 797 3452 et
807 3378 956 3459 moenia
974 3387 1163 3499 complet3

102 3527 211 3634 Qae
228 3516 345 3601 modo
362 3515 542 3597 victorem
560 3513 670 3594 Latio
687 3510 854 3595 Pallanta
869 3516 1022 3608 ferebat.
1078 3558 1160 3642 14¹

106 3659 267 3744 Arcades
277 3657 324 3739 ad
339 3674 461 3766 portas
476 3681 594 3752 ruere,
624 3671 662 3733 et
679 3652 727 3734 de
743 3681 850 3757 more
866 3660 1010 3746 vetusto

101 3803 288 3882 Funereas
304 3814 458 3908 rapuere
469 3792 580 3878 faces.
611 3791 782 3874 lucetvia
795 3791 910 3906 longo
1205 3864 1208 3871 .

102 3940 247 4024 Ordine
263 3936 519 4035 flammarum,
546 3949 585 4015 et
601 3932 673 4013 late
691 3931 917 4019 discriminat
926 3967 1045 4050 agros.
1080 3970 1165 4058 ¹44

102 4082 246 4164 eontra
256 4076 365 4160 turba
381 4073 579 4185 Phrygum
591 4072 741 4153 veniens
757 4072 969 4186 plangentia
977 4080 1106 4190 jungit

103 4219 284 4340 Agmina,
314 4242 411 4331 quae
427 4212 627 4328 postquam
639 4228 773 4297 matres
786 4214 981 4301 succedere
998 4222 1105 4302 tectis

966 4357 1166 4469 Viderunt,
