2872 5176
346 436 351 446 -
427 378 889 476 Asuurnoeru.
914 378 975 476 X.
1120 390 1215 511 ¹95

145 583 326 669 Manibus
340 599 378 664 et
395 581 524 685 cineri,
555 582 677 692 fiqua
696 579 750 663 est
764 608 808 663 ea
824 608 926 681 cura,
957 581 1121 672 remitto.
1253 582 1256 587 ’

143 727 234 809 Hos
247 742 375 806 tamen
391 722 524 805 infelix
538 720 712 803 miseram
729 719 891 804 solabere
905 741 1069 807 mortem
1077 763 1092 822 ς

141 866 294 947 Aeneae
306 863 434 972 magni
444 862 574 950 dextra
588 861 701 947 cadis.
732 861 896 972 increpat
912 861 1013 946 ultro
1122 863 1209 976 830·

143 1007 370 1087 Cundiantes
390 1002 519 1102 socios,
551 1020 589 1082 et
605 1018 699 1081 terra
716 1000 879 1084 sublevat
890 1003 1027 1111 ipsum,

142 1144 328 1254 Sanguine
341 1160 553 1255 turpantem
567 1160 712 1224 comtos
724 1141 772 1224 de
783 1172 890 1226 more
906 1144 1070 1253 capillos.

203 1287 347 1377 Interea
357 1284 501 1394 genitor
514 1281 687 1364 Tiberini
700 1281 746 1362 ad
762 1280 928 1365 fluminis
947 1283 1091 1365 undarn

142 1425 308 1510 Volnera
320 1417 476 1507 siccabat
490 1423 668 1533 lymphis,
700 1425 907 1535 corpusque
919 1423 1076 1526 levabat,

104 1621 108 1630 ·
143 1569 298 1647 Arboris
311 1564 461 1652 acclinis
472 1582 616 1646 trunco.
647 1565 777 1673 procul
795 1593 899 1646 aerea
911 1566 1024 1647 ramis
1119 1566 1171 1681 83
1179 1594 1205 1680 5

142 1706 343 1816 Dependet
360 1705 478 1814 galea,
509 1721 547 1785 et
561 1722 665 1814 prato
683 1704 807 1813 gravia
818 1732 920 1785 arnna
933 1705 1140 1814 quieseunt,

141 1849 247 1929 Stant
259 1847 345 1929 teeti
364 1848 508 1930 circum
523 1848 693 1956 juvenes:
724 1845 812 1956 ipse,
846 1874 966 1956 aeger,
986 1844 1176 1950 anhelans,

142 1985 252 2067 Colla
268 1987 387 2087 fovet,
415 1986 518 2067 fusus
535 2010 742 2095 propexam
762 1984 801 2064 iu
820 1988 969 2094 pedore
985 1985 1156 2070 barbam.

141 2126 270 2211 Multa
282 2128 387 2237 super
404 2126 526 2208 Lauso
543 2125 689 2234 rogitat,
719 2123 931 2236 multosque
944 2125 1202 2239 remittit,839

141 2268 221 2377 Qi
243 2285 427 2365 revocent,
458 2266 666 2374 moestique
680 2264 799 2345 ferant
827 2265 1001 2346 mandata
1030 2267 1202 2377 parentis.

142 2410 198 2487 At
214 2408 380 2489 Lausum
397 2406 487 2488 socii
504 2406 720 2488 exanimem
736 2405 843 2515 super
859 2428 964 2486 arma
977 2404 1145 2488 ferebant

140 2548 301 2650 Flentes,
337 2551 541 2660 ingentem,
576 2565 688 2656 atque
713 2547 853 2656 ingenti
872 2547 1021 2631 subiere
1045 2552 1201 2635 vietum,

202 2691 370 2798 Agnovit
389 2690 499 2799 longe
511 2689 697 2798 gemitum
710 2685 879 2796 praesaga
892 2687 987 2768 ‘mali
1004 2714 1124 2774 mens.

141 2831 329 2912 Canitiem
338 2829 460 2910 multo
473 2828 658 2911 deformat
676 2826 840 2937 pulvere,
869 2845 908 2906 et
919 2829 1048 2910 ambas

140 2971 206 3052 Ad
226 2969 377 3052 coelum
390 2971 508 3051 tendit
517 2968 672 3079 palmas,
704 2983 742 3048 et
753 2994 908 3078 corpore
918 2965 1096 3055 inhaeret.
1117 2968 1200 3080 845

141 3114 313 3192 Tantane
332 3137 396 3191 me
413 3109 533 3189 tenuit
549 3107 710 3206 vivendi,
743 3125 839 3206 nate,
869 3106 1050 3218 voluptas,

140 3252 196 3333 Ut
212 3254 282 3362 pr'o
302 3278 366 3332 me
379 3247 504 3329 hostili
518 3266 661 3359 paterer
681 3247 874 3329 succedere
891 3246 1053 3345 dexoae,

140 3394 269 3497 Qem
279 3390 414 3500 genui?
446 3407 557 3471 tuane
568 3387 660 3470 haec
674 3387 819 3498 genitor
828 3414 894 3498 per
907 3387 1056 3470 volnera
1068 3387 1200 3484 servor,

140 3527 270 3608 Morte
283 3545 346 3608 tua
358 3530 508 3610 vivens?
538 3525 628 3625 heu,
660 3554 760 3608 nunc
777 3525 910 3607 misero
926 3525 1024 3608 mihi
1041 3526 1201 3608 demum

140 3666 312 3751 Exilium
331 3665 481 3748 infelix!
512 3692 614 3748 nunc
631 3663 703 3747 alte
721 3664 852 3746 volnus
868 3664 1062 3746 adactum!
1114 3666 1136 3746 8
1144 3693 1200 3777 50

141 3807 252 3890 Idem
268 3834 353 3914 ego,
383 3823 480 3902 nate,
511 3822 620 3887 tuum
634 3805 818 3887 maculavi
835 3805 991 3886 crimine
1009 3831 1163 3905 nomen,

140 3948 271 4030 Pulsus
288 3947 529 4029 obinvidiam
548 3946 639 4030 solio
656 3948 878 4060 sceptrisque
892 3948 1063 4058 paternis.

91 4183 101 4202 „
140 4087 359 4171 Debueram
372 4089 508 4199 patriae
525 4117 681 4201 poenam
713 4089 879 4200 odiisque
897 4116 1072 4172 meorum
1114 4090 1198 4200 853

142 4229 288 4313 Omnes
298 4253 363 4340 per
377 4243 516 4313 naortes
528 4229 696 4313 animam
711 4227 856 4309 sontem
874 4227 950 4339 ipse
970 4224 1160 4309 dedissem.

696 4364 734 4444 Ο
759 4388 782 4446 a
1089 4360 1208 4444 Nunc
