2872 5176
308 482 311 489 ·
356 428 704 520 Aruernos
740 421 1022 524 LunVIII.
1095 457 1207 561 υς

141 629 364 717 Pulverearn
374 626 530 723 nubem,
559 643 597 707 et
615 624 801 734 fulgentes
818 653 901 711 aere
918 645 1092 717 catervas.

142 771 223 854 Olli
241 797 309 882 per
323 771 473 864 dumos,
505 794 582 876 qua
594 766 768 876 proxima
787 785 889 849 meta
901 768 1061 873 viarum,

142 911 294 994 Armati
308 908 477 991 tendunt.
507 907 538 986 it
552 906 709 1007 clamor,
741 925 780 988 et
798 909 948 1017 agmine
962 909 1063 992 fatto
1126 940 1212 1027 593

136 1049 461 1161 Qadrupedaute
488 1064 640 1157 putrem
665 1046 787 1129 sonitu
802 1047 923 1156 quatit
948 1047 1090 1161 ungula
1107 1073 1214 1132 cam·

327 1216 437 1299 pum.
997 1282 1001 1287 ,

204 1324 273 1406 Est
284 1327 413 1436 ingens
427 1324 596 1436 gelidum
609 1325 717 1409 lucus
734 1354 852 1438 prope
870 1326 1026 1409 Caeritis
1042 1354 1211 1430 amnem,

144 1465 359 1575 Reiligione
377 1485 527 1577 patrum
543 1466 615 1547 late
632 1467 752 1551 sacer:
781 1468 949 1578 undique
962 1467 1077 1553 colles

145 1608 329 1690 Inclusere
342 1610 436 1706 cavi,
470 1628 508 1691 et
528 1608 634 1718 nigra
646 1635 781 1688 nemus
792 1610 911 1719 abjete
927 1612 1095 1722 cingunt.

147 1747 297 1828 Silvano
315 1748 417 1828 fama
435 1745 489 1828 est
506 1765 643 1829 veteres
656 1745 804 1828 sacraiie
823 1746 1006 1859 Pelasgos,
1128 1757 1216 1843 600

146 1887 338 1967 Arvorum
355 1884 576 1995 pecorisque
595 1884 681 1983 deo,
712 1881 919 1994 lucumque
932 1886 1125 2001 diemque,

147 2021 228 2131 Qi
240 2022 354 2132 primi
372 2020 465 2103 fines
481 2019 682 2128 aliquando
700 2016 864 2101 habuere
880 2023 1048 2111 Latinos.

144 2163 267 2243 Haud
284 2162 418 2274 procul
430 2160 521 2241 hinc
535 2158 691 2242 Tarcho
704 2177 742 2242 et
749 2160 941 2270 Tyrrheni
954 2184 1033 2248 tuta
1043 2167 1218 2252 tenebant

149 2302 279 2384 Castra
290 2302 396 2400 locis,
427 2301 599 2410 celsoque
615 2299 740 2381 omnis
757 2299 805 2382 de
823 2300 921 2384 colle
938 2304 1054 2390 videri

150 2444 241 2550 Jarn
258 2459 402 2553 poterat
421 2439 532 2550 legio,
561 2458 599 2523 et
617 2439 697 2521 latis
713 2439 886 2522 tendebat
902 2442 942 2524 in
960 2448 1067 2531 arvis.
1131 2452 1217 2562 603

150 2584 244 2664 Huc
261 2601 365 2695 pater
376 2586 536 2681 Aeneas,
567 2598 605 2662 et
625 2579 726 2663 bello
743 2583 1019 2694 lostajuventus

152 2724 378 2821 Succedunt,
408 2721 566 2831 feffique
581 2738 620 2804 et
637 2751 754 2834 equos
771 2742 808 2805 et
824 2753 981 2837 corpora
998 2748 1142 2813 curant

213 2869 270 2947 At
287 2867 418 2948 Venus
433 2862 615 2946 aetherios
633 2866 727 2947 inter
743 2866 813 2948 des
830 2869 988 2950 candida
1008 2873 1161 2954 nimbos

152 3010 267 3091 Dona
279 3007 399 3089 ferens
418 3007 562 3106 aderat,
593 3026 801 3116 natumque
813 3009 852 3089 in
873 3009 967 3091 valle
980 3011 1133 3094 redudta

152 3149 210 3227 Ut
220 3147 352 3257 procul
371 3147 518 3257 egelido
535 3146 718 3231 secretum
732 3148 890 3230 flumine
907 3152 1013 3252 vidit,
1134 3154 1222 3239 610

152 3287 313 3368 Talibus
329 3286 441 3368 affata
462 3288 515 3369 est
535 3288 656 3387 deris,
688 3288 800 3398 seque
811 3288 947 3371 obtulit
962 3291 1087 3373 ultro:

153 3428 215 3507 En
233 3426 398 3536 perfecta
417 3428 495 3507 mei
513 3425 688 3536 promiiia
705 3428 874 3538 conjugis
890 3447 968 3513 arte

154 3567 339 3651 Munera:
371 3595 419 3647 ne
437 3595 531 3648 mox
545 3585 608 3649 aut
624 3570 841 3670 Laurentes,
858 3589 955 3671 nate,
975 3573 1167 3685 superbos,

153 3710 236 3788 Aut
247 3737 373 3789 acrem
387 3707 532 3789 dubites
545 3709 584 3789 in
603 3710 741 3822 praelia
751 3710 900 3822 poscere
914 3715 1109 3798 Turnum.

156 3847 278 3944 Dixit,
296 3866 334 3928 et
349 3847 547 3959 amplexus
560 3850 637 3931 nati
655 3847 843 3959 Cytherea
862 3853 1016 3964 petivit:
1136 3830 1225 3969 61⁴5

153 3994 277 4068 Arma
299 3989 366 4068 sub
386 3987 533 4071 adversa
550 3990 672 4100 posuit
690 3990 867 4074 radiantia
886 4019 1041 4103 quercu.

157 4127 241 4225 Ille,
281 4128 370 4209 deae
386 4127 494 4209 donis
511 4145 548 4209 et
567 4148 671 4213 tanto
691 4129 808 4212 laetus
824 4126 982 4233 honore,

157 4266 313 4381 Expleri
331 4267 476 4379 nequit,
511 4286 627 4381 atque
647 4269 774 4353 oculos
796 4299 863 4385 per
883 4272 1025 4391 lingula
1037 4270 1165 4393 noivit,

1144 4409 1229 4495 Mi·
