2872 5176
402 384 708 492 Atnnrnos
747 394 856 490 Lrn.
882 396 965 492 IX.
1088 394 1180 504 161

179 592 357 676 Tandem
376 590 561 691 duuores,
594 588 718 671 audita
735 590 847 671 caede
864 589 1032 695 suorum,

118 734 357 817 Conveniunt
370 734 525 835 Teucri,
557 728 801 827 Mnestheus,
827 758 982 841 acerque
1000 735 1182 841 Serestus;

116 870 358 982 Palantesque
370 871 496 953 vident
507 869 634 967 socios,
644 866 867 979 hostemque
882 881 1180 991 receptum.780

114 1010 167 1091 Et
185 1011 428 1095 Mnestheus:
459 1039 536 1120 quo
562 1010 696 1091 deinde
722 1008 867 1120 fugam,
910 1040 988 1122 quo
1005 1019 1182 1102 tenditis?

297 1154 433 1264 inquit.

112 1293 219 1400 Qrs
230 1293 320 1377 alios
332 1322 473 1395 muros,
504 1323 600 1405 quae
607 1295 689 1402 jam
706 1284 801 1375 ultra
811 1296 961 1377 moenia
976 1295 1147 1386 habetis?

111 1433 222 1515 Unus
240 1433 372 1534 home,
400 1452 439 1514 et
454 1435 592 1531 vestris,
622 1463 648 1513 o
672 1434 783 1534 cives,
815 1434 980 1545 undique
993 1424 1127 1549 septus¹

111 1573 337 1681 AggeribuS,
367 1590 485 1654 tantas
502 1574 637 1682 strages
658 1573 813 1683 impune
830 1603 896 1685 per
908 1579 1042 1661 urbem
1181 1678 1184 1683 Ι

110 1710 304 1795 Ediderit?
329 1712 516 1820 juvenum
532 1713 673 1825 primos
686 1730 740 1793 tot
751 1713 891 1795 miserit
909 1725 1027 1802 orco?
1085 1725 1141 1839 78
1148 1754 1174 1839 ς

110 1848 206 1930 Non
219 1849 376 1932 infelicis
392 1854 541 1963 patriae,
572 1871 817 1962 veterumque
834 1853 1006 1962 deorum,

110 1990 163 2070 Et
174 1992 303 2101 magni
320 1995 483 2092 Aeneae,
514 1993 653 2102 segneS,
668 1994 911 2104 miseretque,
930 2000 1146 2113 pudetque?

106 2128 265 2212 Talibus
283 2133 425 2213 accensi
437 2132 645 2230 firmantur,
677 2152 714 2213 et
729 2135 879 2242 agmine
896 2137 1010 2221 denso

108 2272 335 2357 Confistunt.
366 2276 522 2356 Turnus
540 2273 734 2385 paullatim
754 2273 933 2358 excedere
953 2278 1092 2390 pugna,

107 2413 160 2491 Et
179 2410 340 2493 fluvium
353 2431 489 2524 petere,
505 2443 548 2497 ac
567 2431 711 2525 partem
725 2440 821 2522 quae
834 2415 995 2524 cingitur
1014 2414 1149 2505 amni,

107 2552 243 2633 Acrius
265 2550 339 2634 hoc
357 2555 498 2636 Teucri
517 2554 680 2636 clamore
696 2554 914 2638 incumbere
929 2587 1168 2676 magno,791

107 2692 159 2771 Et
175 2691 380 2801 glomerare
399 2723 577 2777 manum:
609 2723 679 2774 ceu
697 2693 846 2775 saevum
866 2698 974 2779 turba
993 2700 1144 2784 leonem

109 2832 214 2937 Cum
232 2832 313 2914 telis
330 2836 469 2944 premit
484 2837 651 2918 insensu:
684 2854 721 2915 at
738 2836 881 2916 territus
902 2838 980 2936 ille,

106 2973 239 3083 Asper,
268 2977 399 3058 acerba
415 2994 534 3077 tuens,
564 2996 661 3057 retro
674 2974 790 3074 redit3
820 2992 857 3054 et
872 3004 994 3086 neque
1011 2995 1114 3091 terga

104 3118 162 3196 Ira
180 3116 266 3199 dare
280 3139 344 3201 aut
358 3121 471 3201 virtus
492 3120 650 3230 patitur:
682 3144 752 3197 nec
767 3118 915 3198 tendere
933 3141 1062 3201 contra
1081 3150 1139 3234 79
1145 3148 1170 3233 ς

102 3256 186 3357 Ille,
218 3259 375 3368 quidem
387 3260 463 3341 hoc
474 3264 639 3370 cupiens,
655 3258 751 3369 potis
761 3258 815 3338 est
826 3286 892 3369 per
904 3260 977 3342 tela
989 3263 1171 3373 virosque.

101 3396 217 3481 Haud
235 3404 339 3484 aliter
359 3424 457 3484 retro
472 3404 608 3485 dubius
626 3400 775 3509 vestigia
789 3403 943 3484 Turnus

99 3544 355 3652 Improperata
371 3543 495 3643 refert,
526 3562 563 3624 et
578 3569 685 3622 mens
701 3540 887 3622 exaestuat
901 3541 965 3627 ira.

99 3681 205 3789 Qin
224 3686 338 3765 etiam
355 3684 412 3764 bis
430 3704 514 3764 tum
532 3682 677 3763 medios
694 3679 868 3762 invaserat
884 3680 1034 3769 hostes:
1060 3730 1063 3737 ·

98 3823 162 3902 Bis
177 3826 351 3906 conversa
362 3822 452 3934 suga
469 3853 535 3934 per
552 3851 680 3903 muros
693 3822 843 3930 agmina
856 3824 975 3903 vertit.
1079 3823 1166 3909 800

99 3961 172 4042 Sed
184 3990 317 4045 manus
330 3993 351 4045 e
365 3963 489 4045 castris
502 3937 657 4074 propere
675 3962 752 4043 coit
765 3963 888 4043 omnis
904 3964 942 4044 in
961 3991 1103 4048 unum:

97 4101 185 4183 Nec
203 4120 330 4184 contra
349 4103 442 4185 vires
461 4102 572 4183 audet
583 4101 749 4183 Saturnia
759 4101 864 4208 Juno

97 4242 288 4341 Sufficere,
317 4243 455 4327 a’e‘riam
468 4240 573 4331 coelo
593 4268 683 4324 nam
702 4240 847 4351 Jupiter
866 4239 962 4321 Irim

159 4383 281 4472 Totn.
298 4383 349 4470 11.
717 4378 768 4460 M
1083 4377 1167 4460 De-'
