2872 5176
239 317 337 443 146
423 318 782 421 P.V1ue1trt
817 316 1100 413 Mauortis

80 534 86 543 '
234 522 447 635 Euryalum
461 522 633 607 tenebrae
651 548 844 603 ramorum
856 518 1082 633 onerosaque
1097 519 1235 631 praeda
1276 616 1279 622 ¹

236 664 300 747 lm
348 658 469 762 diunt,
500 640 670 775 fallitque
688 660 802 745 timor
821 662 972 773 regione
994 660 1152 746 viarum.
1218 663 1274 775 38
1282 690 1311 779 ς

237 802 293 886 N·
312 830 354 883 us
368 804 445 887 abit
454 844 467 903 3
489 804 647 916 jamque
665 802 883 915 imprudens
901 800 1059 883 evaserat
1077 800 1216 906 hostes,

238 920 370 1057 Atque
384 946 500 1047 lacus,
526 946 595 1057 qui
611 944 708 1058 post,
739 944 861 1027 Albae
875 943 922 1027 de
935 944 1104 1044 nomine,
1135 945 1228 1027 diui

240 1086 407 1195 Albuui:
440 1104 526 1171 tum
538 1116 605 1187 tex
621 1085 765 1187 stabula
781 1084 855 1169 alta
872 1087 1028 1171 Latinus
1048 1085 1223 1169 habebat.

240 1228 300 1311 Ut
312 1227 421 1328 stetit,
452 1245 492 1309 et
505 1226 638 1308 frustra
650 1227 839 1308 absentem
852 1226 1010 1336 respexit
1029 1228 1221 1309 amicum:

242 1368 419 1479 Euryale,
450 1367 584 1473 infelix
602 1385 677 1483 qua
690 1385 728 1449 te
744 1368 895 1479 regione
910 1367 1066 1479 reliquii
1224 1397 1316 1483 390

242 1508 379 1617 Qave
396 1509 549 1620 sequar?
591 1508 712 1593 rursus
733 1508 956 1623 perplexum
975 1510 1042 1593 iter
1056 1537 1172 1607 omne
1191 1506 1320 1609 revel-2

427 1679 518 1753 vens

242 1789 402 1876 Fallacis
417 1792 540 1890 silvae,
572 1789 684 1873 fimul
695 1808 731 1873 et
749 1789 900 1903 vestigia
910 1812 1008 1875 tetro

141 1925 148 1933 ’
245 1934 449 2016 Observata
457 1932 561 2045 legit,
591 1931 788 2042 dumisque
808 1933 1115 2021 slentibuserrat.

246 2074 514 2185 Auditequos,
542 2073 645 2155 audit
662 2073 846 2183 strepitus,
877 2094 915 2155 et
932 2075 1034 2184 signa
1048 2074 1286 2183 sequentum.

244 2210 692 2334 Neclongummmedto
700 2232 870 2326 tempus
886 2243 977 2296 cum
989 2216 1133 2297 clamor
1147 2212 1196 2293 ad
1209 2238 1319 2303 aures

247 2355 433 2471 Pervenit,
475 2384 521 2455 ac
539 2355 638 2438 videt
665 2355 896 2465 Euryalum:
939 2384 1056 2467 quem
1073 2356 1159 2465 jam
1183 2379 1326 2451 manua

432 2494 568 2595 omnis,
1229 2478 1325 2605 3⁸96,

90 2676 97 2693 ·
216 2688 220 2693 ·
247 2634 395 2717 Fraude
410 2636 484 2719 loci
504 2655 542 2719 et
558 2636 689 2734 noetis,
721 2637 841 2719 subito
860 2639 1031 2720 turbante
1044 2635 1224 2735 tumultu,

249 2774 478 2887 Oppressum
496 2777 603 2889 rapit,
639 2796 677 2859 et
695 2799 896 2860 conantem
914 2779 1074 2890 plurima
1094 2776 1239 2857 frustra.

250 2916 356 3027 Qid
372 2914 505 3000 faciat?
537 2945 612 3025 qua
630 2918 667 2999 vi
675 2919 869 3025 juvenem,
902 2917 1039 3027 quibus
1058 2917 1190 2997 audeat
1208 2914 1324 2995 armis

249 3055 428 3165 Eripere?
458 3055 591 3136 ansese
611 3057 969 3139 mediosmoriturus
984 3058 1023 3137 in
1041 3056 1165 3137 hostes
1228 3086 1329 3161 409¹

249 3191 402 3295 luserat,
434 3212 471 3276 et
482 3193 683 3305 pulchram
693 3219 866 3308 properet
880 3226 944 3309 per
964 3196 1116 3295 vulnera
1132 3214 1299 3279 mortem
1306 3200 1326 3281 i.

250 3333 371 3416 Ocius
389 3334 553 3418 addudo
570 3353 744 3446 torquens
764 3336 895 3420 hastile
910 3337 1058 3441 lacerto,
1306 3324 1309 3328 ¹

91 3475 95 3483 ’
250 3475 457 3588 suspiciens
477 3476 592 3561 altam
603 3479 745 3576 lunam,
777 3481 827 3563 fic
850 3507 941 3561 voce
959 3500 1149 3592 precatur:

250 3616 331 3717 Tu,
363 3617 445 3717 dea,
468 3634 512 3699 tu
529 3619 695 3731 praesens
710 3620 835 3702 nostro
863 3620 1035 3709 succurre
1050 3623 1188 3723 labori,¹
1328 3716 1333 3724 ,

250 3757 453 3855 Astrorum
467 3756 593 3859 decus,
625 3778 663 3842 et
680 3789 881 3843 nemorum
899 3763 1058 3843 Latonia
1076 3761 1209 3858 custos.
1230 3789 1290 3867 40
1297 3790 1325 3875 ς

250 3897 380 4007 Siqua
396 3896 468 3979 tuis
487 3926 659 4013 unquam
676 3927 746 4011 pro
766 3929 830 3984 me
850 3920 953 4012 pater
971 3903 1161 4011 Hyrtacus
1175 3900 1248 3985 aris
1330 3990 1333 3997 ,

251 4035 366 4120 Dona
379 4035 477 4137 tulit,
508 4037 632 4151 siqua
645 4040 828 4153 ipsemeis
851 4043 1043 4125 venatibus
1061 4040 1164 4141 auxi,

252 4177 478 4295 suspendive
496 4179 617 4289 tholo,
649 4201 714 4273 aut
728 4182 828 4281 saera
843 4181 894 4304 ad
908 4181 1053 4297 fastigia
1072 4181 1162 4280 filu
1199 4290 1202 4296 ,
1325 4280 1328 4290 Ι

1206 4314 1340 4400 Hunc·
