2872 5176
253 385 350 483 1'80
443 380 493 477 P.
528 381 788 477 Vrnornrr
824 377 1101 472 Mnnonts

251 584 403 697 Egregii
421 583 576 682 formae,
606 582 668 664 scd
687 580 792 691 queis
805 580 953 663 fortuna
970 596 1118 690 negarat
1231 608 1265 688 4
1271 573 1334 694 35'

251 725 300 807 In
320 724 478 834 patriam
494 723 644 804 reditus.
674 720 769 830 ipsos
780 747 997 801 concurrere
1014 717 1133 830 pasius

251 861 370 943 Haud
380 880 505 942 tamen
517 859 611 940 inter
624 858 660 940 se
674 859 802 966 magni
815 875 987 966 regnator
997 857 1166 968 olympi:

252 1000 355 1082 Mox
372 998 528 1080 illos'sua
545 997 621 1078 fata
634 1015 785 1079 manent
804 997 943 1104 majore
960 997 1028 1078 sub
1042 997 1162 1080 hoste.

293 1185 296 1191 ·
317 1140 462 1221 Interea
478 1139 577 1219 soror
594 1137 694 1218 alma
706 1152 837 1216 monet
853 1135 1061 1217 succurrere
1078 1133 1204 1218 Lauso

244 1248 457 1376 ‚Turnum
486 1280 552 1386 qui
566 1278 707 1359 volucri
724 1305 836 1356 curru
846 1276 1017 1357 medium
1035 1277 1299 1386 secatagmen.

256 1416 315 1499 Ut
334 1418 426 1498 vidit
442 1417 582 1498 socios:
614 1436 762 1524 tempus
779 1415 946 1496 defistere
959 1444 1096 1526 pugna.
1231 1441 1328 1523 441

257 1557 368 1640 Solus
384 1584 456 1667 ego
475 1557 514 1636 in
529 1555 698 1639 Pallanta
718 1555 837 1653 feror;
869 1555 934 1636 soli
956 1555 1052 1638 mihi
1063 1553 1184 1637 Pallas

255 1700 446 1783 Debetur:
477 1725 654 1809 cuperem
668 1698 743 1808 ipse
759 1725 888 1807 parens
898 1697 1077 1807 spedator
1093 1695 1242 1779 adesset.

259 1843 370 1925 Haec
383 1842 453 1923 ait:
484 1858 522 1920 ct
535 1838 623 1920 socii
642 1837 820 1920 cesserunt
831 1866 990 1948 aequore
1004 1840 1104 1949 jusit.
1232 1863 1329 1945 444

258 1983 316 2064 At
333 1978 524 2059 Rutulum
540 1977 701 2060 abscessu
713 1980 873 2086 juvenis,
905 1998 989 2059 tum
999 1980 1093 2088 jussa
1110 1978 1267 2090 superba

259 2120 437 2223 Miratus,
474 2117 646 2228 stupetin
659 2117 816 2216 Turn0;
845 2120 1050 2231 corpusque
1069 2149 1133 2230 per
1154 2120 1288 2229 ingens

259 2262 428 2346 Lumina
443 2259 572 2357 volvit,
591 2259 745 2370 obitque
760 2260 856 2341 truci
874 2261 1003 2368 procul
1023 2263 1150 2343 omnia
1169 2262 1263 2361 visu,

261 2401 423 2487 Talibus
441 2403 482 2482 δι
496 2399 603 2479 distis
614 2400 644 2480 it
657 2419 787 2481 contra
802 2401 901 2480 disla
915 2404 1079 2511 tyranni:

260 2539 343 2619 Aut
359 2537 482 2648 spoliis
494 2565 566 2646 ego
577 2538 658 2646 jam
672 2540 783 2648 raptis
801 2539 977 2621 laudabor
990 2542 1138 2653 opimis,

265 2681 347 2760 Aut
359 2675 464 2757 letho
477 2675 620 2784 infigni.
633 2676 718 2757 sorti
729 2696 830 2787 pater
843 2706 981 2788 aequus
994 2683 1139 2790 utrique
1153 2677 1218 2761 est.
1236 2708 1264 2786 4
1270 2709 1327 2791 ςο

263 2818 379 2900 Tolle
395 2817 528 2900 minas.
559 2817 656 2899 fatus
673 2820 845 2899 medium
864 2821 1029 2929 procedit
1045 2823 1084 2902 in
1101 2849 1253 2930 aequor.

261 2960 434 3068 Frigidus
448 2958 655 3038 Arcadibus
674 2959 750 3039 coit
760 2959 799 3038 in
820 2962 1030 3067 praecordia
1050 2963 1206 3071 sanguis.

263 3098 424 3179 Desiluit
441 3097 594 3176 Turnus
612 3097 763 3206 bijugis:
796 3099 907 3207 pedes
925 3121 1073 3209 apparat
1091 3102 1143 3182 ire

263 3237 461 3318 Cominus.
492 3253 607 3343 utque
624 3236 695 3333 leo,
727 3237 872 3346 specula
892 3267 982 3320 cum
996 3243 1086 3322 vidit
1099 3244 1146 3322 ab
1164 3239 1237 3321 alta

263 3377 366 3456 Stare
384 3373 516 3483 procul
534 3377 675 3484 campis
693 3379 935 3459 meditantem
955 3381 1089 3490 praelia
1105 3389 1268 3480 taurum,

264 3514 448 3596 Advolatz
477 3510 579 3591 haud
596 3513 666 3592 alia
684 3515 737 3593 est
749 3520 872 3598 Turni
891 3522 1066 3601 venientis
1081 3523 1215 3630 imago
1240 3552 1266 3624 4
1273 3526 1329 3632 56

265 3652 385 3733 Hunc
400 3650 464 3730 ubi
476 3651 697 3759 contiguum
713 3654 839 3736 missae
856 3656 935 3738 fore
955 3660 1110 3741 credidit
1130 3659 1268 3758 hastae,

264 3794 323 3871 irc
339 3793 438 3901 prior
454 3789 585 3887 Pallas,
619 3792 645 3869 sr
664 3821 738 3901 qua
758 3793 833 3875 fors
851 3796 997 3905 adjuvet
1014 3799 1144 3880 ausum

263 3928 414 4008 Viribus
434 3926 656 4036 imparibus;
689 3958 947 4044 magnumque
968 3936 1018 4017 ita
1039 3939 1086 4017 ad
1107 3935 1257 4018 aethera
1273 3937 1333 4019 fa-

443 4084 528 4147 tur:
1240 4105 1332 4189 459

260 4209 330 4289 Per
345 4205 455 4319 patris
469 4203 688 4317 hospitium,
720 4227 757 4295 et
769 4215 911 4297 mensas
920 4244 1012 4326 quas
1024 4217 1167 4302 advena
1178 4215 1301 4314 adisti,

1269 4357 1334 4443 Te
