2872 5176
343 360 456 465 *128
555 354 607 459 P.
643 354 903 457 V1nora11
937 356 1213 455 Menouts

351 566 481 648 Aurea
488 586 518 664 3·
533 563 596 645 sed
609 562 729 645 fluuu
745 559 969 672 spumabant
980 560 1127 644 caerula
1145 589 1264 647 cano:
1332 551 1335 556 ¹

350 704 405 787 Et
423 705 569 787 circum
581 719 737 813 argento
750 700 842 782 clari
859 698 1055 810 delphines
1066 699 1106 780 in
1123 701 1257 784 orbem

349 844 531 953 Aequora
548 839 742 922 verrebant
767 839 908 938 caudis,
939 837 1160 947 aestumque
1179 839 1364 926 secabant.

349 983 538 1065 Inmedio
555 980 681 1064 classes
700 998 849 1080 aeratas,
881 980 992 1062 Attia
1016 979 1139 1080 bella,
1333 991 1393 1102 67
1399 1016 1426 1102 5

213 1128 216 1135 '
348 1123 514 1204 Cernere
525 1138 622 1205 erat:
653 1138 854 1229 totumque
868 1118 1048 1201 iriston
1065 1120 1192 1202 Marte
1205 1121 1349 1208 videres

349 1263 512 1347 Fervere
528 1263 740 1359 Leucaten,
764 1287 932 1368 auroque
950 1257 1134 1368 effulgere,
1147 1259 1295 1348 fluctu.

349 1401 458 1484 Hinc
476 1399 669 1511 Augustus
680 1416 798 1510 'agens
818 1398 931 1480 Italos
948 1397 988 1478 in
1004 1399 1141 1508 praelia
1157 1400 1303 1503 Caesar,

350 1543 456 1624 Cum
469 1542 648 1654 patribus,
663 1540 894 1653 populoque,
908 1541 1115 1651 penatibus,
1134 1558 1173 1621 et
1189 1543 1335 1654 magnis
1349 1545 1423 1644 dis,

109 1624 113 1633 Ι
240 1696 243 1703 ’
350 1684 459 1764 Stans
474 1680 772 1793 celsainpuppi:
804 1682 973 1791 geminas
984 1681 1046 1762 cui
1064 1699 1235 1792 tempora
1249 1682 1427 1768 flammas

350 1823 468 1907 Laeta
485 1841 658 1923 vomunt,
689 1823 930 1935 patriumque
952 1823 1265 1933 aperiturvertice
1285 1824 1398 1911 fidus.

331 2032 334 2038 .
350 1966 462 2047 Parte
480 1963 553 2046 alia
569 1965 689 2045 ventis
699 1982 737 2046 et
752 1963 810 2046 dis
821 1965 992 2076 Agrippa
1012 1963 1193 2065 secundis,
1333 1967 1423 2050 682

352 2105 510 2187 Arduus
527 2112 664 2215 agmen
682 2131 819 2214 agens;
851 2104 927 2207 cui,
957 2102 1046 2185 belli
1063 2104 1204 2214 insigne
1221 2103 1427 2217 superbum

350 2246 548 2358 Tempora
562 2245 684 2328 navali
696 2245 843 2356 fulgent
859 2244 1012 2328 rostrata
1027 2274 1177 2329 corona.

351 2387 460 2469 Hinc
474 2414 547 2498 ope
560 2386 752 2470 barbarica
763 2387 945 2498 variisque
963 2389 1152 2472 Antonius
1167 2388 1293 2487 armis,
1334 2381 1424 2500 685

351 2526 488 2607 Victor
499 2525 548 2606 ab
561 2526 731 2608 Aurorae
744 2526 893 2637 populis
911 2544 949 2609 et
960 2527 1067 2610 litore
1081 2527 1208 2628 rubro,

351 2668 590 2776 Aegyptum,
612 2664 785 2776 ¹viresque
802 2666 965 2765 orientia,
984 2685 1021 2747 et
1033 2664 1166 2748 ultima
1178 2666 1306 2748 secum

351 2802 619 2919 Bastravehit3
649 2806 901 2919 sequiturque,
915 2805 1036 2889 nefas!
1071 2806 1256 2916 Aegyptia
1274 2801 1427 2909 conjux.

352 2949 442 3030 Una
458 2975 591 3030 omnes
609 2977 728 3050 ruere,
759 2976 804 3030 ac
817 2966 942 3030 totum
959 2949 1130 3060 spumare
1144 2946 1305 3030 redustis

353 3088 590 3171 Convolsum
602 3092 715 3171 remis
728 3092 925 3203 rostrisque
939 3093 1159 3174 tridentibus
1170 3116 1320 3200 aequor.
1336 3091 1429 3199 690

353 3227 444 3312 Alta
457 3246 614 3339 petunt:
645 3229 779 3340 pelago
798 3232 925 3314 credas
942 3233 1070 3314 innare
1086 3230 1243 3314 revolsas

352 3364 551 3477 Cycladas,
565 3384 630 3446 aut
643 3387 791 3450 montes
809 3400 1029 3452 concurrere
1047 3372 1238 3452 montibus
1256 3367 1362 3452 altos.

353 3503 595 3590 Tantamole
613 3505 684 3587 viri
699 3507 835 3589 turritis
848 3510 1036 3622 puppibus
1056 3510 1202 3593 instant.

353 3649 516 3759 Stuppea
533 3644 688 3728 flunma
704 3676 837 3749 manu,
869 3650 1008 3760 telique
1027 3649 1177 3732 volatile
1191 3649 1333 3730 ferrum

353 3788 556 3902 Spargitur.
569 3784 657 3874 arva
668 3820 765 3873 nova
777 3794 973 3904 Neptunia
986 3794 1098 3875 caede
1112 3791 1321 3873 rubescunt.
1338 3795 1393 3902 69
1401 3818 1428 3905 5

354 3934 502 4042 Regina
518 3934 559 4014 in
572 3934 707 4017 mediis
719 3937 841 4046 patrio
857 3953 965 4018 vocat
982 3937 1133 4044 agmina
1151 3933 1272 4015 srstro:

344 4073 539 4182 ¹Necdum
550 4075 666 4157 etiam
683 4076 854 4186 geminos
874 4095 1012 4186 atergo
1030 4077 1175 4188 respicit
1192 4101 1344 4185 angues.

353 4215 693 4328 omnigenumque
710 4215 829 4300 deum
841 4216 1021 4318 monstra,
1052 4236 1089 4301 et
1100 4216 1248 4299 latrator
1264 4210 1429 4310 Anubis,

1285 4353 1433 4434 Contra
