2872 5176
390 361 697 453 Aunaroos
734 354 846 450 Lm.
871 356 998 469 v111.
1105 386 1206 484 1²9

138 557 276 637 Contra
286 552 529 662 Neptunum,
556 570 594 634 et
612 552 816 655 Venerem,
838 555 1041 661 contraque
1054 551 1205 637 Miner·

318 724 406 777 vam

135 841 232 923 Tela
244 856 382 922 tenent.
402 838 512 918 saevit
527 834 655 915 medio
667 832 707 914 in
721 835 924 918 certamine
934 836 1101 944 MavorS,
1112 867 1201 955 700

132 981 306 1062 Caelatus
322 979 435 1081 serr0,
466 975 655 1084 tristesque
673 1002 721 1054 ex
734 974 882 1057 aethere
896 977 1018 1078 dirae3

131 1118 183 1197 Et
201 1118 301 1199 scissa
312 1116 476 1227 gaudens
494 1114 595 1196 vadit
607 1113 802 1193 Discordia
821 1114 931 1222 palla,

130 1258 262 1364 Qam
281 1285 371 1337 cum
389 1254 589 1364 sanguineo
608 1251 771 1360 sequitur
792 1252 947 1336 Bellona
961 1241 1121 1367 flagello

129 1396 262 1480 Aetius
289 1396 383 1478 haec
400 1422 556 1476 cernens
575 1420 706 1477 arcum
723 1393 937 1476 intendebat
953 1397 1098 1507 Apollo

126 1534 320 1646 Desuper:
352 1535 475 1614 omnis
489 1561 536 1613 eo
556 1551 692 1611 terrore
703 1532 911 1643 Aegyptus,
931 1554 968 1617 et
985 1539 1084 1636 Indi,
1107 1569 1163 1655 70
1168 1568 1195 1656 ς

127 1675 266 1756 Omnis
284 1674 419 1771 Arabs,
450 1699 582 1754 omnes
603 1671 793 1751 vertebant
813 1690 916 1781 terga
934 1676 1074 1760 Sabaei.

128 1814 211 1926 Ipsa
227 1815 420 1899 videbatur
439 1814 557 1897 ventis
572 1812 698 1922 regina
711 1813 848 1894 vocatis

127 1955 223 2037 Vela
236 1957 335 2054 dare,
364 1974 402 2036 et
420 1954 524 2036 laxos
536 1956 617 2062 jam
630 1954 786 2063 jamque
804 1954 1007 2039 immittere
1026 1956 1152 2048 fimet.'

124 2096 251 2194 Illam,
278 2097 374 2179 inter
393 2097 523 2178 caedes
541 2096 744 2206 pallentem
763 2115 883 2177 morte
902 2099 1040 2200 futura,
1204 2108 1207 2113 ’

122 2239 277 2321 Fecerat
294 2238 503 2346 ignipotens
522 2236 632 2315 undis
648 2253 685 2314 et
702 2237 840 2344 Iapyge
859 2235 964 2317 ferri:
1099 2270 1189 2356 710

123 2379 264 2458 Contra
283 2395 411 2457 autem
431 2402 570 2484 magno
590 2392 823 2457 moerentem
838 2402 993 2486 corpore
1009 2378 1163 2484 Nilum,

121 2516 432 2626 Pandentemque
447 2515 559 2614 finus,
587 2532 625 2596 et
639 2532 715 2597 tota
729 2514 827 2595 veste
839 2537 1038 2603 vocantem

122 2657 349 2740 Caeruleum
364 2658 403 2737 in
417 2657 605 2766 gremium
618 2654 868 2766 latebrosaque
882 2656 1191 2761 fluminavidlos·¹

123 2804 177 2882 At
193 2800 336 2897 Caesar,
370 2799 505 2910 triplici
524 2800 689 2881 invectus
707 2800 882 2881 Romana
902 2802 1097 2914 triumpho

119 2938 290 3036 Moenia,
323 2939 380 3018 dis
402 2937 504 3019 Italis
524 2956 657 3017 votum
674 2937 900 3042 immortale,
914 2938 1075 3024 sacrabat
1096 2968 1186 3059 715

120 3078 297 3158 Maxima
317 3095 527 3158 tercentum
538 3093 657 3157 totam
670 3074 822 3157 delubra
839 3104 906 3186 per
918 3077 1065 3161 urbem.

120 3217 289 3320 Laetitia,
322 3216 503 3326 ludisque,
533 3216 613 3298 viae
627 3215 830 3328 plausuque
840 3217 1072 3304 fremebant:

119 3359 309 3440 Onmibus
326 3358 366 3438 in
382 3358 533 3470 templis
550 3375 717 3439 matrum
728 3353 878 3457 chorus,
894 3360 1070 3444 omnibus
1080 3390 1184 3461 araeg

116 3501 219 3580 Ante
237 3527 316 3580 aras
333 3517 468 3579 terram
482 3498 574 3579 caefi
593 3497 748 3578 stravere
756 3498 919 3604 juvenci.

115 3638 210 3750 Ipse,
230 3638 357 3720 sedens
371 3640 481 3720 niveo
499 3637 688 3719 candentis
703 3636 833 3717 limine
854 3636 1013 3739 Phoebi,
1089 3669 1179 3756 720

115 3779 230 3859 Dona
247 3779 476 3887 recognoscit
493 3776 735 3888 populorum,
764 3794 936 3886 aptatque
954 3778 1118 3889 superbis

113 3916 307 4017 Postibus3
339 3919 517 4000 incedunt
535 3919 652 3998 vidiae
669 3916 783 4026 longo
796 3918 926 4001 ordine
941 3938 1085 4030 gentes,

115 4058 246 4164 Qam
265 4057 384 4140 variae
403 4058 550 4168 linguis,
582 4058 712 4139 habitu
725 4075 804 4138 tam
818 4059 925 4141 vestis
943 4079 980 4141 et
990 4063 1119 4151 armis,

115 4197 194 4278 Hic
207 4197 434 4280 Nomadum
448 4224 576 4309 genus,
585 4216 622 4280 et
633 4196 828 4281 discinctos
843 4198 1033 4285 Mulciber
1047 4202 1180 4306 Afros,

173 4340 309 4427 Tont..
327 4338 380 4427 ll.
746 4337 787 4418 K
905 4444 908 4449 Ι
1097 4345 1176 4427 Hic
