2872 5176
266 353 333 475 98
474 279 820 449 P.V1ncrr,11
856 353 1135 451 Manonro

268 555 461 664 Aequora,
490 521 633 665 quique
646 554 754 636 Cales
770 556 956 665 linquunt,
976 522 1169 667 amnisque
1184 559 1307 641 vadosi

111 680 114 684 Δ
268 692 414 775 Accola
433 693 624 791 Vulturni,
655 696 864 805 pariterque
882 696 1064 777 Saticulus
1080 696 1195 809 asper,

268 834 531 944 Oscorumque
546 864 694 919 manus.
722 855 852 930 teretes
865 836 950 917 sunt
962 836 1098 920 aclides
1109 836 1182 921 illis
1243 867 1270 952 7
1277 869 1332 950 30

103 978 108 982 ’
269 972 391 1056 Tela:
420 975 481 1056 sed
500 975 593 1057 haec
611 975 711 1057 lento
729 1006 813 1068 mos
832 977 885 1057 est
905 995 1030 1088 aptare
1046 977 1206 1087 flagello.

269 1117 411 1197 Laevas
428 1136 530 1198 cetra
544 1118 636 1227 tegit
644 1157 657 1215 3
687 1118 811 1199 falcati
829 1119 1001 1200 cominus
1017 1119 1133 1203 enses.

137 1320 142 1331 .
268 1257 357 1340 Nec
374 1258 655 1340 tucarminibus
667 1259 798 1340 nostris
819 1258 980 1339 indictus
991 1260 1110 1343 abibis

268 1399 433 1498 0ebale;
464 1427 582 1510 quern
600 1399 784 1508 generasse
802 1399 928 1481 Telon
948 1400 1147 1484 Sebethide
1166 1400 1337 1513 nympha

268 1536 415 1635 Fertur,
447 1535 662 1619 Teleboum
676 1539 836 1649 Capreas
846 1567 938 1620 cum
951 1568 1064 1650 regna
1076 1559 1217 1624 teneret
1247 1570 1273 1656 7
1280 1570 1300 1652 3
1311 1570 1333 1652 ς
1396 1578 1403 1594 ,

270 1679 361 1786 Jam
373 1676 509 1759 senior:
542 1677 667 1786 patriis
684 1677 748 1757 sed
765 1706 843 1759 non
855 1697 893 1759 et
909 1678 1008 1760 filius
1017 1681 1111 1761 arvis

165 1848 168 1853 ⁴
269 1820 492 1917 Contentus,
517 1814 590 1897 late
600 1817 684 1923 jam
702 1834 787 1896 tum
805 1817 943 1897 ditione
962 1821 1154 1926 premebat

270 1955 445 2039 Sarrastes
462 1954 634 2065 populos,
664 1971 703 2035 et
715 1982 811 2063 quae
829 1957 922 2064 rigat
933 1982 1094 2064 aequora
1113 1959 1259 2050 Sarnus,

270 2100 425 2208 Quique
436 2095 575 2178 Rufras
587 2096 840 2207 Batulumque
859 2113 996 2196 tenent,
1028 2115 1140 2208 atque
1157 2126 1243 2179 arva
1262 2098 1337 2176 Ce-

296 2292 298 2296 -
455 2238 599 2333 lennae,

268 2382 323 2462 Et
339 2375 642 2490 quos'malifetae
660 2376 872 2486 despectant
889 2378 1040 2459 moenia
1059 2377 1229 2474 Abellae,
1250 2408 1335 2490 740

267 2520 484 2600 Teutonico
501 2519 575 2597 ritu
589 2515 685 2597 soliti
701 2535 874 2627 torquere
892 2519 1024 2597 cateias
1032 2557 1044 2615 3

107 2670 112 2679 “
268 2658 460 2767 Tegmina
479 2656 583 2766 queis
595 2655 765 2765 capitum
782 2672 907 2763 raptus
922 2655 969 2734 de
992 2656 1121 2736 subere
1143 2673 1283 2752 cortex,

270 2802 505 2906 Aerataeque
521 2795 663 2879 micant
679 2793 813 2905 peltae,
844 2793 960 2875 micat
973 2821 1097 2875 aereus
1114 2795 1217 2878 ensrs.

267 2942 320 3024 Et
336 2959 373 3021 te
391 2940 581 3022 montosae
595 2938 727 3019 misere
743 2937 783 3018 in
800 2935 937 3046 praelia
954 2938 1114 3034 Nursae,

268 3081 402 3176 Ufens,
434 3079 619 3186 infignem
638 3078 741 3160 fama
758 3074 976 3157 etfelicibus
992 3075 1122 3155 armis:
1246 3104 1301 3185 74
1310 3104 1332 3185 5

269 3219 437 3302 Horrida
465 3218 661 3329 praecipue
673 3218 736 3298 cui
750 3244 852 3325 gena,
884 3214 1091 3323 assuetaque
1108 3216 1231 3297 multo

111 3366 115 3373 ’
269 3363 419 3446 Venatu
432 3386 648 3455 nemorum,
679 3359 781 3440 duris
795 3357 1006 3466 Aequicula
1017 3356 1154 3466 glebis:

270 3503 420 3587 Armati
434 3520 570 3583 terram
585 3517 770 3597 exercent,
800 3498 1020 3608 semperque
1044 3518 1207 3581 recentes

268 3650 498 3732 Convet'tare
511 3646 617 3754 juvat
633 3643 798 3757 praedas,
824 3662 864 3724 et
878 3642 999 3724 vivere
1018 3661 1139 3752 rapto.

267 3787 376 3889 Quin
394 3803 432 3867 et
450 3784 643 3873 Marruvia
659 3783 762 3864 venit
778 3780 826 3862 de
844 3801 955 3892 gente
971 3781 1150 3880 sacerdos,
1249 3810 1273 3892 7
1283 3807 1336 3889 50

265 3924 416 4006 Fronde
433 3924 541 4032 super
555 3921 702 4032 galeam
714 3919 863 4016 etfelici
874 3939 1022 4013 comtos
1041 3920 1150 4018 oliva,

265 4059 453 4173 Archippi
472 4060 567 4170 regis
585 4059 708 4162 millu,
741 4058 966 4141 fortiffimus.
979 4060 1154 4141 Umbro:

155 4209 160 4219 '
265 4203 430 4314 leereo
444 4201 582 4314 generi,
612 4219 650 4285 et
664 4200 822 4313 graviter
839 4199 1058 4319 spirantibus
1072 4197 1214 4312 hydris,
1332 4259 1339 4269 .

469 4377 472 4382 ·
1161 4340 1337 4448 Spargere
