2872 5176
308 414 312 419 .
354 298 695 427 Aruernos.
743 328 855 428 er.
890 332 974 427 VI.
1123 336 1188 460 63

119 543 259 653 Diqam
270 534 465 649 equidem,
478 560 549 617 nec
568 549 606 615 te
622 531 851 645 suspensum,
869 550 968 633 nete,
982 535 1133 621 tenebo.
1185 592 1188 597 -

118 681 276 793 Suscipit
289 675 486 787 Anchises,
506 692 619 782 atque
636 672 767 757 ordine
783 672 928 785 singula
948 675 1091 787 pandit.

140 890 147 931 e
174 818 363 933 Principio
370 816 538 920 coelum,
554 843 599 897 ac
611 832 737 912 terras,
746 816 977 927 camposque
990 816 1191 929 liquentem

114 965 400 1073 Lucentemque
411 955 573 1070 globum
583 956 708 1065 lunae,
729 955 957 1069 Titaniaque
970 957 1077 1067 astra,
1099 986 1191 1075 723

120 1104 274 1215 Spiritus
287 1102 385 1213 intus
397 1099 476 1198 elit,
497 1117 693 1210 totamque
709 1096 830 1179 infusa
848 1127 914 1211 per
931 1117 1032 1183 artus

121 1244 234 1327 Mens
246 1243 360 1353 agitat
375 1240 533 1341 molem,
548 1259 738 1350 etmagno
751 1237 789 1321 se
806 1266 962 1352 corpore
972 1238 1117 1323 miscet.

119 1382 212 1473 Inde
242 1379 449 1463 homiuum
476 1380 745 1490 pecudumque
772 1404 902 1489 genus,
931 1378 1102 1489 vitaeque
1124 1404 1193 1461 vo·

120 1496 123 1503 Ι
307 1520 468 1617 lantum,

118 1663 171 1781 E}
188 1689 283 1775 quae
298 1687 513 1769 nunnoreo
526 1658 599 1739 fert
616 1657 781 1741 monstra
795 1657 869 1745 sub,
879 1686 1040 1769 aequore
1047 1678 1196 1770 pontus.

117 1799 252 1919 ignem
270 1801 324 1883 est
351 1800 435 1885 ollis
453 1801 571 1912 vigor,
593 1816 632 1884 et
649 1797 815 1883 coelestis
833 1799 941 1908 origo
1104 1830 1132 1914 7
1138 1828 1194 1913 30

122 1939 345 2040 Seminibus,
364 1960 551 2057 quantum
567 1969 645 2022 non
660 1941 773 2022 noxia
793 1968 949 2051 corpora
960 1941 1118 2042 tardant,

119 2080 351 2191 Terrenique
362 2076 544 2165 hebetant
559 2099 671 2177 artus,
691 2079 991 2189 moribundaque
1009 2082 1197 2163 membra.

118 2218 224 2300 Hinc
252 2200 429 2331 metuunt
460 2217 718 2329 cupiuntque3
764 2216 893 2297 dolent
931 2218 1198 2327 gaudentque;

122 2462 129 2473 1
242 2384 429 2471 ‘neque
446 2385 553 2439 auras

119 2494 354 2613 ‚Respiciunt
370 2496 512 2581 clausae
530 2493 690 2581 tenebris
704 2513 742 2579 et
754 2521 899 2579 carcere
914 2522 1036 2581 caeco.
1073 2572 1077 2577 .

120 2638 225 2747 Qin
239 2656 276 2717 et
291 2635 466 2751 supremo
484 2667 576 2719 cum
596 2636 739 2721 lumine
756 2638 830 2718 vita
847 2635 1011 2749 reliquit,
1107 2667 1134 2751 7
1139 2667 1161 2751 3
1171 2668 1194 2751 ς

121 2778 214 2859 Non
222 2796 350 2859 tamen
361 2807 475 2863 omne
484 2779 633 2860 malum
645 2778 799 2877 miseris,
808 2806 878 2859 nec
891 2777 1058 2859 funditus
1067 2804 1200 2861 omnes

122 2920 332 3037 Corpureee
343 2918 530 3002 excedunt
543 2916 661 3027 pestes
672 2957 685 3015 ;
706 2917 925 3029 penitusque
933 2916 1075 3001 necesse
1087 2916 1143 3000 est

121 3058 251 3140 Multa
269 3060 336 3175 diu
353 3078 527 3144 concreta
548 3057 673 3141 modis
686 3057 886 3141 inolescere
897 3056 1015 3140 miris.

117 3202 220 3313 Ergo
240 3222 457 3287 exercentur
474 3201 617 3314 poenis,
635 3220 883 3313 veterumque
900 3200 1094 3283 malorum
1235 3286 1245 3295 ,

121 3341 309 3456 Supplicia
327 3342 557 3456 expendunt.
588 3342 681 3425 aliae
698 3342 914 3454 panduntur
932 3341 1059 3426 inanes
1100 3369 1191 3456 740

123 3484 321 3596 Suspensae
334 3487 383 3568 ad
402 3505 560 3572 ventos:
591 3486 672 3570 aliis
685 3485 753 3567 sub
770 3485 917 3597 gurgite
929 3485 1031 3569 vasto

123 3604 314 3739 Infettum
335 3625 471 3711 eluitur
487 3626 617 3725 scelus,
639 3642 703 3711 aut
720 3627 886 3711 exuritur
898 3625 1002 3735 igni:

42 3750 47 3757 ’
122 3767 258 3849 Donec
271 3767 383 3876 longa
394 3769 484 3870 dies,
505 3769 673 3881 perfeeto
684 3768 864 3879 temporis
882 3767 986 3864 orbe,

119 3908 349 3993 Concretrm
362 3912 503 3994 exemit
521 3911 660 4011 labem,
683 3938 901 4022 purumque
927 3905 1081 4016 reliquit

118 4044 351 4159 Aethereum
361 4051 520 4163 sensum,
533 4070 645 4162 atque
655 4058 760 4134 aurai
776 4046 1163 4159 fimplicisignem.74
1171 4071 1195 4156 5

94 4188 384 4310 Quiquesuos
402 4197 569 4315 patimur
586 4180 737 4316 muner:
768 4191 904 4279 exinde
920 4217 988 4306 per
1002 4184 1177 4299 amplum

1004 4324 1202 4437 Mittimur
