2872 5176
230 332 299 465 56
437 332 491 429 Ρ.
522 331 794 426 Vrnerurr
827 288 1110 425 Mironrs

230 535 330 621 Nox
346 532 432 634 ruit,
446 537 601 634 Aenea,
628 561 698 617 nos
716 531 843 614 flendo
857 530 1031 612 ducimus
1046 530 1169 616 horas.

232 673 315 759 Hic
327 672 432 757 locus
447 674 516 776 est,
534 691 654 786 partes
667 672 787 755 ubise
801 674 861 753 via
872 670 982 753 findit
997 673 1038 753 in
1055 672 1204 759 ambas:
1221 701 1308 789 540

232 816 415 918 Dextera,
427 841 523 927 quae
539 815 640 897 Ditis
650 813 780 924 magni
792 812 861 896 sub
878 812 1029 894 moenia
1046 815 1192 899 tendit:

234 956 404 1041 Haciter
417 953 733 1067 Elyfiumnobis:
764 974 803 1035 at
816 955 920 1035 laeva
936 954 1129 1037 malorum
1208 1014 1211 1019 -

236 1094 401 1178 Exercet
419 1082 571 1206 poenas,
582 1114 627 1178 et
645 1096 693 1176 ad
714 1094 832 1204 impia
848 1111 980 1175 tartara
990 1094 1118 1179 mittit.

238 1231 469 1343 Deiphobus
488 1251 640 1317 contra:
662 1262 720 1314 -ne
738 1232 845 1330 saevi,
865 1260 1003 1342 magna
1021 1232 1212 1317 sacerdos:

237 1371 465 1454 Discedam:
495 1356 659 1484 explebo
677 1400 894 1470 numerum,
905 1372 1111 1484 reddarque
1127 1373 1301 1457 tenebris.

239 1512 262 1594 I
279 1512 405 1610 decus,
422 1513 451 1613 i,·
464 1513 632 1596 nostrum
642 1556 654 1613 3
677 1515 895 1596 melioribus
912 1531 1015 1596 utere
1033 1515 1128 1599 fatis.
1227 1517 1313 1628 546

203 1686 205 1690 ⁸
239 1652 418 1737 Tantum
430 1652 575 1757 effatus,
590 1674 627 1735 et
641 1655 680 1735 in
694 1655 808 1737 verbo
824 1654 977 1763 vestigia
988 1655 1102 1738 torsrn

240 1789 411 1902 Respicit
422 1792 569 1873 Aeneas
588 1791 722 1892 subito,
738 1808 779 1876 et
796 1793 864 1873 sub
884 1820 977 1902 rupe
995 1792 1135 1873 sinistra

240 1932 404 2015 Moenia
422 1931 494 2013 lata
512 1933 627 2030 videt,
640 1932 776 2045 triplici
794 1932 1025 2014 circumdata
1042 1959 1183 2015 muto:

242 2070 356 2177 Qae
369 2069 520 2179 rapidus
537 2068 702 2153 flammis
717 2071 837 2152 ambit
848 2070 1071 2167 torrentibus
1088 2067 1209 2155 amnis
1231 2094 1253 2175 ς
1262 2094 1318 2177 ςο

240 2209 444 2292 Tartareus
457 2207 708 2321 Phlegethon,
739 2228 961 2321 torquetque
976 2209 1142 2291 sonantia
1158 2208 1255 2291 saxa.

242 2350 359 2439 Porta
395 2350 544 2434 'adversa
580 2353 743 2463 ingens3
795 2351 988 2462 solidoque
1026 2352 1222 2434 adamante
1238 2424 1241 2431 .
1255 2376 1323 2431 co-

430 2493 586 2577 lumnae
606 2534 620 2595 ς

245 2631 318 2715 Vis
333 2649 375 2717 ut
394 2632 499 2715 nulla
516 2634 655 2735 virum,
670 2662 749 2717 non
762 2634 829 2746 ipsr
843 2634 1054 2719 exscindere
1074 2633 1175 2717 ferro

247 2772 465 2857 Coelicotae
481 2774 638 2859 valeant.
667 2776 737 2857 stat
750 2776 867 2858 ferrea
881 2777 991 2858 turris
1006 2778 1055 2858 ad
1073 2804 1206 2860 auras:

246 2913 531 3025 Tisiphoneque
545 2915 685 3019 sedens,
701 2914 799 3027 palla
818 2915 1178 3017 succindtacruenta,
1234 2942 1257 3026 5
1266 2941 1288 3025 ς
1296 2942 1320 3025 5

247 3055 493 3143 Vestibulum
512 3056 690 3137 insomnis
707 3056 823 3139 servat
839 3055 1039 3166 noetesque
1052 3057 1214 3166 diesque.

86 3240 89 3245 ·
249 3198 358 3281 Hinc
381 3196 548 3287 exaudiri
569 3198 744 3306 gemitus,
762 3215 800 3277 et
820 3198 923 3280 saeva
945 3198 1072 3281 sonare

247 3336 445 3421 Verbera:
477 3356 563 3423 turn
589 3338 722 3422 stridor
750 3338 851 3438 ferri,
871 3344 1082 3449 traetaeque
1101 3338 1263 3422 catenie.
1331 3344 1334 3353 '

249 3477 428 3565 Constitit
447 3479 604 3577 Aeneas,
626 3478 895 3589 strepitumque
912 3480 1105 3560 exterritus
1123 3478 1265 3562 hautit:

250 3624 359 3732 Qae
378 3619 558 3705 scelerum
570 3618 708 3704 facies?
730 3622 885 3730 ovirgo,
903 3620 1028 3720 effare,
1042 3619 1223 3731 quibusve
1238 3622 1327 3731 560

251 3765 443 3873 Urgentur
459 3763 616 3875 poenis?
651 3762 734 3874 quis
751 3779 873 3844 tantus
894 3764 1117 3874 plangorad
1132 3760 1267 3849 auras?

250 3902 362 3983 Tum
374 3921 473 3984 vates
493 3902 543 3984 sic
563 3902 642 3983 orsa
664 3902 789 4012 loqui:
821 3903 901 3984 dux
918 3902 1057 4012 inclyte
1071 3902 1284 4003 Teucrum,

249 4042 363 4129 Nulli
381 4041 436 4126 fas
450 4044 550 4125 caslo
568 4044 787 4127 sceleratum
798 4044 959 4127 insistere
974 4044 1118 4129 limen:
1293 4053 1296 4057 ’

250 4184 327 4273 Sed
343 4214 421 4287 me,
443 4211 537 4273 cum
555 4182 649 4273 lucis
665 4185 810 4269 Hecate
829 4186 1008 4298 praefecit
1020 4186 1196 4290 Auernis,
1262 4310 1265 4317 Ι

1248 4320 1337 4442 Ipsa
