2872 5176
364 381 1000 483 Aruernoern'Xss
1108 410 1204 515 179
1343 382 1427 425 ·’

138 583 303 673 Horrida
318 614 384 696 per
394 584 487 667 latos
504 586 599 666 acies
618 585 799 667 Volcania
817 602 997 696 'camposr
1017 617 1019 621 ’

134 728 204 810 Ille
221 727 348 809 sedens
360 727 478 809 vietor
492 724 664 807 flammas
677 726 862 837 despectat
874 748 1041 813 ovantes.'

135 870 231 952 Non
247 869 351 949 aliter
371 867 515 951 socium
532 868 646 949 virtus
663 869 740 949 coit
757 870 880 949 omnis
898 869 937 950 in
954 900 1089 974 unum,
1120 882 1207 988 41o

135 1007 398 1116 Tequejuvat,
428 1006 543 1093 Palla,
575 1005 638 1086 sed
651 1005 758 1089 bellis
768 1034 852 1087 acer
864 1008 1022 1093 Halesus
1186 1021 1191 1028 '

137 1146 280 1227 Tendit
295 1147 336 1229 in
354 1147 533 1244 adversos,
563 1146 674 1254 seque
690 1147 731 1227 in
746 1147 809 1227 sua
821 1146 964 1257 colligit
981 1179 1098 1238 arma.
1203 1130 1210 1137 ⁶

135 1285 364 1370 Hicmactat
373 1288 542 1386 Ladona,
563 1286 814 1396 Pheretaque,
840 1289 1209 1404 Demodocumque}

135 1429 350 1537 Strymonio
367 1426 538 1510 dextram
560 1426 719 1535 fulgenti
732 1428 868 1538 deripit
884 1430 968 1514 ense
1183 1442 1187 1448 '

136 1567 544 1673 Elataminjugulum:
576 1565 663 1647 saxo
677 1566 764 1648 ferit
776 1593 841 1647 ora
851 1565 1052 1672 Thoantis,
1113 1600 1205 1688 415

138 1704 302 1815 Ossaque
319 1704 494 1814 dispergit
510 1705 661 1785 cerebro
671 1704 847 1816 permista
864 1726 1030 1792 cruento.

134 1845 227 1927 Fata
244 1871 379 1926 canens
396 1843 494 1927 filvis
507 1842 651 1954 genitor
669 1842 803 1925 celarat
813 1843 1022 1930 Halefitmz

134 1984 191 2066 Ut
207 1984 326 2067 senior
341 1982 445 2067 letho
464 1984 634 2067 canentia
644 1983 789 2067 lumina
808 1984 938 2084 solvit3

136 2127 300 2236 Injecere
320 2152 481 2209 manum
502 2127 650 2222 Parcae,
681 2125 835 2233 telisque
852 2124 1040 2213 sacrarunt
1177 2152 1180 2157 ·

135 2266 313 2350 Evandri.
346 2293 463 2373 quem
478 2264 542 2366 lic,
558 2263 679 2347 Pallas
691 2262 796 2374 petit,
811 2282 897 2349 ante
913 2282 1100 2375 precatus:
1113 2293 1202 2373 420

136 2406 200 2486 Da
221 2433 334 2507 nunc,
354 2403 477 2514 Tybri
496 2422 611 2514 pater,
642 2405 753 2504 ferro,
784 2405 889 2514 quod
910 2405 1046 2491 miffile
1064 2406 1173 2504 libro,

133 2551 342 2631 Fortunam
358 2564 471 2657 atque
488 2548 589 2629 viam
605 2546 690 2629 duri
704 2575 769 2658 per
787 2550 916 2658 pedus
930 2547 1081 2634 Halesi:

128 2688 243 2772 Haec
255 2717 359 2771 arma
376 2688 599 2799 exuviasque
612 2689 681 2771 viri
698 2707 762 2770 tua
776 2717 937 2798 quercus
954 2688 1120 2775 habebit.

134 2831 269 2910 Audiit
287 2829 466 2911 illadeur.
497 2829 593 2909 dum
605 2830 697 2910 texit
710 2831 866 2909 Imaona
880 2829 1054 2927 Halesus,

133 2967 296 3051 Arcadio
311 2967 442 3051 infelix
459 2968 535 3049 telo
552 2968 614 3049 dat
632 2972 761 3078 pestus
781 2970 986 3052 inermum.
1107 2993 1165 3076 42
1173 2994 1198 3080 ς

132 3111 187 3190 At
201 3137 276 3190 non
295 3109 406 3191 caede
419 3109 487 3188 viri
506 3126 605 3189 tanta
617 3109 809 3219 perterrita
821 3108 975 3206 Lausus,

131 3251 219 3331 Pars
232 3250 362 3357 ingens
375 3247 480 3346 belli,
512 3248 596 3329 finit
612 3250 777 3355 agmina.
809 3249 952 3357 primus
971 3246 1165 3328 Abantem

132 3388 358 3498 Oppositum
370 3388 561 3485 interimit,
572 3415 719 3498 pugnae
731 3388 952 3495 nodumque
961 3408 1198 3505 moramque.

133 3527 315 3608 Sternitur
325 3528 508 3607 Arcadiae
522 3528 657 3638 proles,
688 3527 898 3608 sternuntur
908 3526 1077 3623 Etmsci3

130 3664 183 3745 Et
201 3694 279 3765 vos,
307 3694 345 3764 o,
366 3668 491 3775 Grajis
508 3667 706 3776 imperdita
724 3693 893 3776 corpora,
926 3664 1080 3748 Teucri.
1108 3687 1198 3770 430

130 3808 299 3916 Agmina
318 3826 557 3909 concurrunt,
575 3808 806 3917 ducibusque
819 3825 859 3889 et
874 3808 1015 3888 viribus
1027 3801 1167 3914 aequis.

131 3947 303 4030 Extremi
321 3951 521 4032 addensent
538 3952 633 4032 acies
642 3991 654 4048 ;
682 3978 752 4031 noc
769 3950 878 4031 turba
895 3948 1038 4031 moveri

131 4087 229 4169 Tela
245 4091 452 4201 manusque
466 4095 560 4178 finit.
592 4091 682 4173 hinc
699 4091 819 4172 Pallas
830 4090 941 4173 instat
957 4107 994 4170 et
1007 4103 1138 4196 urget;

132 4226 238 4313 Hinc
257 4249 386 4318 contra
400 4236 554 4332 Lausut,
583 4261 653 4319 nec
672 4232 841 4315 multum
853 4229 1031 4344 discrepat
1049 4245 1166 4308 aeras:

675 4374 718 4462 N
752 4400 775 4459 2
1040 4364 1193 4476 Egregii
