2872 5176
273 358 369 477 i62
477 372 528 470 P.
560 374 826 471 Vrrerurr
860 371 1145 533 Meruurs

256 576 446 675 -Demifit,
476 604 674 688 germanae
691 573 795 661 haud
812 577 944 661 mollia
954 579 1051 688 jussa
1062 580 1249 668 ferentem
1263 580 1282 686 ς’
1298 649 1301 655 .

269 719 329 802 Ni
342 718 496 798 Turnus
511 717 620 837 cedut
633 719 873 801 Teucrorum
890 719 1089 804 moenibus
1112 721 1210 811 altis.
1253 725 1347 841 805

271 859 378 968 Ergo
394 884 464 939 nec
481 856 615 970 clypeo
628 857 776 966 juvenis
790 857 980 941 subfistere
994 876 1155 964 tautum,

271 1000 361 1085 Nec
376 1000 507 1081 dextra
525 997 642 1080 valet:
673 998 816 1107 injectis
827 998 878 1080 fic
890 999 1058 1112 undique
1075 1001 1158 1085 telis

229 1147 233 1155 '
271 1141 471 1224 Obruitur.
499 1139 627 1252 strepit
643 1139 784 1221 affiduo
800 1168 890 1221 cava
907 1159 1077 1253 tempora
1093 1144 1243 1229 circum

272 1273 436 1365 Tinnitu
452 1278 569 1389 galea,
600 1298 638 1362 et
651 1278 744 1361 saxis
761 1278 876 1362 solida
892 1308 976 1364 aera
987 1280 1174 1385 fatiscunt,

272 1422 538 1533 Discuffieque
549 1422 665 1531 jubae
682 1423 813 1532 capiti;
845 1451 915 1506 nec
933 1423 1069 1507 sufficit
1082 1426 1203 1510 umbo
1255 1427 1348 1515 810

273 1566 441 1650 Istibuse
472 1565 705 1674 ingeminant
717 1563 832 1649 hastis
842 1585 881 1647 et
892 1568 1027 1666 Troes,
1057 1569 1182 1681 etipse

274 1707 497 1801 Fulmineus
507 1703 743 1817 Mnestheus,
774 1725 859 1788 tum
876 1725 957 1789 toto
974 1735 1130 1819 corpore
1142 1709 1255 1793 sudor

273 1849 465 1962 Liquitur,
487 1863 526 1929 et
542 1846 707 1957 piceum,
738 1874 808 1927 nec
823 1846 996 1957 respirare
1006 1847 1177 1958 potestas,

275 1989 444 2091 Flumen
462 1986 559 2097 agit:
589 1983 697 2070 fessos
713 1986 833 2094 quatit
849 2014 958 2097 aeger
974 1985 1158 2070 anhelitus
1174 2007 1287 2075 artus.

274 2133 385 2217 Tum
398 2130 556 2211 demum
567 2154 742 2238 praeceps
754 2126 847 2209 saltu
857 2128 929 2210 sese
939 2130 1117 2210 omnibus
1130 2131 1245 2212 armis
1257 2132 1282 2224 8
1292 2162 1309 2216 1
1321 2158 1348 2245 5

275 2272 326 2355 In
342 2271 502 2369 fluvium
522 2266 638 2353 dedit.
669 2265 734 2351 ille
753 2267 818 2349 suo
829 2295 921 2350 cum
937 2269 1083 2379 gurgite
1098 2269 1195 2351 flavo
1288 2380 1292 2393 Ι

276 2416 437 2527 Accepit
453 2411 680 2512 venientem,
710 2438 755 2492 ac
775 2411 954 2493 mollibus
970 2410 1104 2493 extulit
1120 2412 1231 2521 undis
1238 2452 1253 2513 3

276 2556 331 2639 Et
344 2552 614 2656 laetumsociis,
644 2550 769 2634 abluta
780 2553 906 2652 caede,
936 2554 1087 2638 remifiu
