2872 5176
284 424 359 530 3),Ι
478 388 1152 496 P.Vtrurr.11Mrnourt
1333 376 1336 381 ¹

279 601 409 716 VIquc
423 600 640 714 soporantur
652 598 793 709 Stygia,
809 596 918 706 super
932 614 1089 708 utraque
1101 596 1243 709 quafliu
1273 599 1297 686 8
1304 624 1363 719 55

278 744 502 857 Tempora,
531 741 797 851 cunctantique
817 741 980 822 natantia
997 738 1143 823 lumina
1167 742 1289 829 solvit.

280 882 362 967 vix
378 883 520 996 primos
541 881 695 991 inopina
718 880 824 991 quiet
842 879 1029 961 laxaverat
1044 899 1145 963 artus
1154 922 1169 982 3

281 1027 335 1111 Et
351 1025 461 1136 super
478 1023 716 1119 incumbens,
742 1049 835 1103 cum
853 1023 992 1132 puppis
1021 1041 1126 1134 parte
1145 1006 1319 1127 revolss,¹

279 1168 462 1278 Cumque
478 1161 747 1274 gubemacu10‚
766 1161 926 1272 liquidas
939 1164 1094 1274 projecit
1107 1167 1149 1248 in
1170 1167 1291 1250 undet

280 1307 543 1417 Praecipitem,
562 1332 609 1386 ac
626 1305 743 1386 socios
760 1305 1016 1415 nequicquam
1028 1307 1134 1420 saepe
1152 1328 1367 1396 vocantem.

282 1448 368 1558 Ipse
386 1444 516 1527 volans
532 1463 663 1526 tenues
680 1443 718 1526 se
730 1442 874 1526 sustulit
888 1444 962 1528 ales
992 1449 1032 1528 in
1057 1475 1177 1537 auras.
1275 1453 1362 1541 861

280 1591 411 1671 Currit
434 1590 504 1669 iter
522 1604 649 1669 tutum
668 1613 746 1668 non
763 1585 880 1670 secius
905 1616 1068 1701 aequore
1096 1591 1229 1693 classis,

280 1728 547 1840 Promiffisquc
562 1729 675 1841 patris
695 1730 868 1841 Neptuni
884 1732 1047 1814 interrita
1064 1733 1192 1818 fertur.

281 1873 448 1982 Jamque
465 1872 560 1952 adeo
579 1868 752 1981 scopulos
776 1870 951 1954 Sirenum
969 1874 1124 1956 advecta
1140 1874 1301 1974 subibat,

281 2012 468 2096 Difficiles
478 2011 686 2123 quondam,
700 2010 989 2124 multorumque
995 2012 1132 2098 offibus
1139 2016 1257 2101 albos.
1275 2018 1333 2102 86
1340 2046 1365 2133 5

280 2153 393 2236 Tum
406 2180 518 2236 rauca
529 2149 673 2235 affiduo
693 2153 805 2264 longe
817 2154 889 2235 sale
906 2154 992 2235 saxa
1015 2155 1219 2241 sonabantz

279 2296 385 2378 Cum
399 2312 503 2410 pater
514 2291 646 2376 aniiffo
663 2292 874 2376 fluitantem
893 2324 1014 2377 errare
1036 2280 1215 2409 magistro

282 2437 412 2534 Senfit,
432 2455 470 2518 et
488 2434 566 2546 ipse
583 2451 703 2515 ratem
717 2438 907 2518 nocturnis
921 2438 1019 2519 rexit
1031 2440 1070 2520 in
1086 2440 1212 2542 undis,

281 2575 416 2658 Multa
434 2604 602 2687 gemens,
614 2575 776 2684 casuque
791 2580 966 2659 animum
984 2581 1180 2664 concursus
1195 2580 1338 2667 amicir

283 2721 324 2798 Ο
346 2719 512 2802 nimium
537 2717 648 2800 coelo
665 2734 703 2798 et
722 2716 856 2828 pelago
876 2719 1014 2802 confise
1039 2723 1179 2822 sereno,
1275 2724 1368 2840 870

279 2860 421 2947 Nudus
443 2862 485 2944 in
511 2862 652 2975 ignotq
668 2859 856 2966 Palinure,
873 2863 1015 2973 jacebis
1031 2892 1152 2950 arena.
