2932 5168
270 391 337 518 36
458 312 1127 485 P.V1uert11Msnort1s

268 588 463 670 Insuetum
482 617 548 699 per
565 590 633 670 iter
650 587 789 699 gelidas
807 589 929 670 enavit
944 591 992 670 ad
1008 592 1170 690 Arctum

269 725 562 838 Chalcidicaque
573 728 663 811 levis
681 729 836 812 tandem
854 731 962 840 super
979 731 1118 813 adstitit
1137 759 1231 816 arce.

269 865 454 947 Redditus
469 864 528 947 his
540 867 709 978 primum
724 868 838 965 terris,
859 868 939 967 tibi,
958 858 1124 969 Phoebe,
1143 870 1294 955 sacravit

271 1005 495 1114 Remigium
511 1004 666 1108 alarum,
705 1007 900 1115 posuitque
913 1007 1095 1088 immania
1112 1008 1265 1120 templa.

271 1147 472 1228 lusoribus
479 1146 625 1228 lethum
635 1148 956 1255 Androgeostum
964 1150 1124 1258 pendere
1133 1178 1270 1260 poenas
1281 1178 1340 1236 20

272 1289 609 1398 Cecropidaejuffi,
642 1283 841 1369 miserum!
875 1288 1021 1397 septena
1038 1293 1249 1398 quotannis

274 1430 443 1538 Corpora
461 1447 655 1509 natorum:
685 1427 753 1508 stat
763 1428 884 1508 ductis
899 1429 1053 1511 sortibus
1071 1460 1176 1515 urna.

275 1569 417 1648 Contra
435 1567 527 1648 elata
546 1569 640 1648 mari
658 1569 851 1679 respondet
862 1570 1018 1650 Gnoffia
1039 1568 1159 1654 tellus.

275 1707 355 1788 Hic
369 1707 526 1789 crudelis
540 1737 646 1789 amor
661 1710 769 1803 tauri,
800 1708 1045 1817 suppostaque
1059 1707 1160 1789 furto

275 1848 468 1959 Pasrpha'e',
488 1850 719 1957 mistumque
732 1876 861 1957 genus,
881 1846 1073 1956 prolesque
1093 1847 1264 1930 biformis
1285 1875 1308 1933 2
1317 1878 1341 1963 ς

276 1989 516 2070 Minotaurus
534 1988 639 2089 inest,
659 1988 814 2068 Veneris
835 2004 1082 2067 monumenta
1099 1988 1291 2071 nefandae.

278 2128 358 2209 Hic
374 2126 477 2208 labor
487 2126 549 2208 ille
563 2130 711 2227 domus,
742 2146 780 2208 et
800 2124 1061 2208 inextricabilis
1075 2154 1187 2212 error.
1328 2112 1331 2117 ¹

278 2271 471 2381 Magnum
483 2271 628 2380 reginae
641 2271 702 2352 sed
715 2270 819 2351 enim
836 2262 1026 2351 miseratus
1040 2297 1213 2353 amorem

280 2412 481 2509 Daedalus,
512 2412 588 2520 ipse
607 2410 812 2492 dolostedi
831 2410 1079 2518 ambagesque
1095 2411 1254 2513 resolvit,

281 2550 403 2629 Caeca
420 2576 548 2657 regens
562 2549 626 2629 filo
641 2548 803 2657 vestigia.
822 2566 864 2627 tu
877 2574 1030 2656 quoque
1044 2576 1224 2658 magnam
1288 2580 1345 2664 30

281 2687 431 2768 Partem
443 2713 553 2794 opere
565 2688 605 2765 in
618 2703 733 2781 tanto,
746 2686 876 2764 smeret
893 2682 1014 2781 dolor,
1046 2687 1159 2787 lcare,
1180 2688 1347 2774 haberes.

281 2829 345 2909 Bis
355 2845 507 2909 conatus
525 2846 602 2910 erat
622 2828 724 2910 casus
744 2828 919 2937 effingere
937 2826 976 2907 in
994 2853 1109 2927 auro,

281 2968 344 3054 Bis
359 2973 494 3082 patriae
511 2973 676 3054 cecidere
690 2999 836 3052 manus.
867 2970 959 3080 quin
971 2972 1139 3079 protinus
1158 2975 1288 3055 omnia

281 3111 516 3222 Perlegerent
530 3111 659 3210 oculis,
691 3112 821 3219 nijam
839 3108 1053 3219 praemissus
1064 3111 1229 3196 Achates

281 3250 442 3350 Afforet,
475 3272 585 3361 atque
598 3250 1064 3357 unaPhoebiTriviaeque
1078 3251 1257 3356 sacerdos,
1291 3280 1313 3364 3
1323 3280 1348 3364 5

282 3393 485 3504 Deiphobe
502 3393 652 3491 Glauci,
681 3390 778 3472 satur
788 3418 884 3500 quae
897 3389 984 3470 talia
996 3392 1097 3500 regi:

283 3534 378 3615 Non
391 3529 465 3614 hoc
482 3532 548 3612 ista
567 3532 634 3611 fibi
649 3547 799 3640 tempus
812 3529 1018 3640 spectacula
1029 3526 1165 3640 poscit.

281 3673 401 3755 Nunc
423 3700 535 3783 grege
552 3673 598 3753 de
612 3673 750 3753 intado
761 3672 904 3780 septem
921 3672 1269 3781 maderejuvencos

113 3910 118 3917 ψ
281 3810 516 3906 Praestituit,
545 3810 702 3890 totidem
720 3808 831 3890 laetas
845 3809 893 3889 de
908 3836 1014 3889 more
1031 3807 1213 3892 bidentes.

241 4058 245 4068 Ι
282 3949 442 4031 Talibus
458 3947 568 4030 affata
586 3951 754 4046 Aenean,
785 3976 855 4030 nec
870 3948 967 4029 sacra
980 3966 1172 4032 morantur
1292 3979 1352 4059 40
1377 3960 1398 4001 ⁵'

283 4087 385 4195 Julsa
403 4089 485 4186 viri,
517 4090 688 4170 Teucros
705 4108 811 4170 vocat
832 4089 906 4168 alta
924 4088 964 4167 in
982 4088 1125 4199 templa
1141 4088 1322 4175 sacerdos.

283 4227 467 4311 Excisum
479 4225 674 4312 Euboicae
692 4227 787 4346 latus
800 4228 930 4338 ingens
943 4228 1045 4339 rupis
1057 4228 1097 4312 in
1118 4246 1292 4327 antruma

1263 4370 1361 4493 Quo
