2872 5176
364 394 711 487 Aruernos
749 383 868 480 Lra
903 384 962 489 X.
1081 420 1176 521 ¹7s

115 600 225 683 Tum
241 593 411 692 breviter,
439 592 569 703 supera
585 587 771 697 aspedians
789 615 968 692 convexa,
987 611 1179 705 precatur:

114 710 232 822 Alma
244 761 375 848 parens
387 731 499 814 Idaea
515 726 721 851 deum,cui
733 727 929 838 Dindyma
941 733 1060 834 cordi,

113 879 413 988 Turrigeraeque
428 870 550 970 urbes,
581 868 776 977 bijugique¹
785 868 833 949 ad
843 869 969 954 fraena
978 872 1118 982 leones,

112 1016 184 1100 Tu
193 1014 291 1096 mihi
302 1039 402 1094 nunc
416 1034 562 1121 pugnae
572 1007 759 1118 princeps,
786 1024 828 1089 tu
844 1008 912 1091 rite
926 1013 1155 1125 propinques

111 1156 344 1265 Augurium,
363 1147 647 1260 Phrygibusque
659 1145 753 1227 adsrs
766 1147 875 1258 pede,
891 1150 987 1250 diva,
1006 1154 1180 1240 secundo.

174 1298 348 1377 Tantum
364 1290 516 1374 effatus:
548 1306 585 1371 et
598 1289 736 1370 interca
755 1289 921 1372 revoluta
941 1294 1071 1377 ruebat
1092 1324 1114 1380 2
1122 1300 1177 1408 56

112 1432 448 1543 Maturajamluce
466 1430 557 1526 dies,
587 1433 816 1538 noctemque
833 1430 992 1540 fugarat.
1056 1532 1059 1539 Ι

112 1574 304 1685 Principio
318 1572 423 1650 sociis
440 1569 566 1667 edicit,
598 1567 700 1677 ligna
711 1568 919 1676 sequantur,

113 1720 244 1826 Atque
261 1711 407 1793 animos
414 1725 546 1819 'aptent
556 1707 682 1803 armis,
712 1734 935 1816 pugnaeque
952 1730 1082 1821 parent
1100 1716 1149 1800 se.

115 1859 280 1967 Jamque
295 1853 334 1933 in
352 1850 552 1961 conspestu
571 1850 743 1931 Teucros
760 1848 930 1932 habetet
950 1854 1014 1936 sua
1022 1856 1173 1961 castra,·'¹

114 1999 222 2079 Stans
235 1990 530 2103 celsainpuppi:
561 1987 840 2099 clypeumtum
854 1990 988 2076 deinde
998 1994 1140 2078 sinistra

113 2133 263 2218 Extulit
275 2133 481 2214 ardentem.
512 2129 781 2210 clamoremad
798 2130 912 2211 fidera
924 2133 1063 2217 tollunt
1095 2140 1180 2221 262

114 2273 353 2357 Dardanidae
369 2271 536 2354 emuris.
567 2267 647 2379 spes
662 2269 788 2350 addita
805 2269 948 2352 suscitat
959 2273 1041 2356 iras.

114 2415 213 2500 Tela
224 2442 342 2496 manu
353 2412 511 2521 jaciunt.
542 2407 671 2520 quales
681 2410 749 2491 sub
761 2410 925 2493 nubibus
942 2415 1028 2498 atris
1165 2434 1169 2440 “

114 2555 349 2667 Strymoniae
361 2550 563 2661 dantfigna
576 2576 697 2660 grues,
732 2566 844 2661 atque
870 2553 1019 2673 aethera
1037 2573 1181 2642 tranant

112 2697 218 2778 Cum
231 2695 365 2792 sonitu,
374 2692 598 2803 fugiuntque
612 2709 718 2771 notos
729 2691 894 2773 clamore
907 2693 1080 2782 secundo.
1094 2702 1178 2784 266
1232 2752 1235 2757 ·

113 2840 169 2919 At
181 2834 327 2919 Rutulo
338 2833 431 2943 regi,
462 2831 692 2944 ducibusque
708 2860 753 2914 ea
772 2835 868 2913 mira
882 2837 997 2919 videri

112 2978 308 3076 Ausoniis,
340 2978 460 3058 donec
473 2976 648 3057 versasad
661 2975 767 3056 litora
777 3004 921 3087 puppes

27 3226 30 3231 ι
111 3120 346 3232 Respiciunt,
376 3134 574 3227 totumque
587 3115 698 3199 allabi
715 3116 888 3198 claffibus
903 3147 1057 3231 aequor.

113 3260 234 3341 Ardet
246 3287 342 3370 apex
361 3257 488 3368 capiti,
506 3256 696 3367 cristisque
711 3285 756 3337 ac
767 3257 902 3339 vertice
916 3258 1071 3343 flamma
1091 3288 1177 3376 270

110 3400 314 3499 Funditur,
344 3415 382 3479 et
399 3399 518 3480 vastos
531 3398 650 3479 umbo
667 3397 789 3480 vomit
805 3426 936 3482 aureus
954 3402 1083 3511 ignes:

111 3537 206 3620 Non
221 3537 323 3619 secus
334 3564 378 3618 ac
397 3537 579 3647 liquidafi
597 3538 749 3649 quando
763 3543 873 3621 nocte
884 3539 1056 3624 cometae

112 3650 490 3789 Sanguineilugubre
505 3679 653 3780 rubent,
684 3697 750 3761 aut
768 3681 881 3762 Sirius
899 3682 1028 3767 ardor:

107 3819 196 3916 Ille,
227 3820 323 3899 sitim
341 3817 568 3931 morbosque
578 3819 700 3904 ferens
719 3821 939 3905 mortalibus
956 3823 1085 3934 aegris,

110 3956 299 4059 Nascitur,
326 3976 364 4039 et
382 3956 487 4042 laevo
507 3960 698 4045 contristat
714 3959 858 4043 lumine
880 3961 1045 4051 eoelum.
1084 3991 1147 4082 27
1153 3992 1177 4079 5

111 4096 230 4178 Haud
246 4114 374 4178 tamen
387 4099 519 4180 audaci
537 4103 672 4184 Turno
685 4099 822 4182 fiducia
839 4101 941 4185 cessit

109 4237 240 4323 Litora
255 4238 476 4353 praeripere,
503 4257 540 4326 et
551 4243 736 4361 uenientes
753 4241 891 4355 pellere
908 4262 1015 4332 terra.

1067 4379 1182 4466 Ultro
