2872 5176
268 375 367 448 202
436 330 801 442 ·P.V1ncru1‘1
836 347 1115 452 Manouts

269 547 438 633 Substitit
451 549 610 650 Aeneas,
641 548 862 659 gemituque
878 548 971 636 haec
985 556 1128 639 addidit
1144 560 1255 648 altor
1290 592 1323 678 9
1328 594 1356 683 5

268 692 356 776 Nos
370 688 560 773 aliashinc
579 690 629 772 ad
648 690 830 801 lacrymas
850 695 983 777 eadem
996 696 1146 783 horrida
1165 705 1266 789 belli

268 831 517 915 Fatavocant.
547 831 643 914 salve
652 849 846 913 aeternum
859 833 970 933 mihi,
1004 842 1174 924 maxime
1191 847 1320 950 Puta,

269 976 555 1083 Aeternumque
574 973 667 1055 vale.
699 999 768 1055 nec
786 972 892 1082 plura
909 974 1054 1074 effatus,
1085 981 1133 1062 ad
1150 984 1254 1071 altor

269 1113 470 1196 Tendebat
485 1140 625 1212 muros,
657 1109 894 1222 gressumque
913 1113 953 1193 in
971 1115 1086 1198 castra
1101 1119 1264 1211 serebat.

330 1256 496 1362 Jamque
507 1271 666 1334 oratores
677 1252 828 1333 aderant
839 1280 889 1333 ex
899 1253 991 1334 urbe
1003 1257 1150 1359 Latina,
1256 1293 1352 1356 ,ου

269 1392 393 1473 Velati
411 1393 524 1475 ramis
541 1391 655 1487 oleae,
685 1392 908 1501 veniamque
924 1413 1118 1502 rogantem

268 1532 448 1643 Corpora,
478 1558 545 1640 per
566 1557 720 1640 campos
733 1530 833 1612 ferro
843 1557 941 1640 quae
956 1531 1035 1614 susa
1041 1536 1229 1643 jacebant,
1350 1610 1353 1615 .

268 1675 472 1772 Redderet,
503 1671 708 1756 actumuio
720 1673 852 1754 sineru
864 1673 1058 1757 succedere
1074 1694 1218 1768 terraeg

267 1814 541 1899 Nullumcurn
554 1814 659 1895 vietis
669 1833 858 1894 certamen
874 1831 912 1894 et
920 1812 1069 1898 aethere
1082 1821 1211 1908 oeffiss
1254 1850 1352 1941 104·

268 1956 440 2037 Parceret
455 1955 660 2064 hospitibus
676 1952 871 2063 quondam
896 1953 1101 2066 socerisque
1118 1968 1280 2051 vocatia.
1343 2028 1349 2033 .

267 2093 377 2191 Quos
393 2093 515 2175 bonus
531 2096 690 2189 Aeneas,
720 2089 824 2172 haud
841 2089 1064 2200 aspernanda
1079 2116 1296 2206 promotas,

267 2230 505 2345 Prosequitur
523 2234 642 2330 venia,
673 2251 711 2313 et
721 2230 840 2312 verbis
859 2227 952 2311 haec
963 2232 1110 2344 insuper
1122 2240 1255 2328 addit:

267 2376 467 2478 Quaenam
482 2398 548 2456 vos
564 2392 667 2455 tanto
683 2372 832 2454 fortuna
848 2372 1013 2482 indigna,
1044 2372 1183 2483 Latini,
1343 2446 1348 2453 .

267 2513 584 2625 Implicuitbelio,
613 2512 682 2622 qui
696 2539 764 2592 nos
779 2510 928 2620 fugiatis
940 2514 1107 2602 amicos?

264 2654 406 2737 Pacem
420 2681 484 2735 me
501 2652 696 2749 exanimis,
726 2669 764 2731 et
781 2652 915 2732 Martis
928 2651 1022 2734 sorte
1034 2662 1209 2765 peremtis
1251 2694 1268 2749 ι
1285 2694 1347 2754 10

266 2795 412 2879 Oratis?
443 2795 620 2905 equidem
638 2811 675 2874 et
693 2793 783 2872 vivis
798 2794 1000 2874 concedere
1014 2798 1162 2884 vellem.

264 2936 353 3016 Nec
366 2935 466 3034 veni,
497 2934 650 3014 nifisata
663 2931 792 3013 locum
815 2931 1014 3041 sedemque
1032 2937 1238 3039 dediffent3
1336 3006 1344 3015 .

264 3075 351 3158 Nec
368 3076 513 3155 bellum
530 3102 622 3154 cum
643 3093 751 3183 gente
770 3101 872 3183 gero.
904 3102 970 3155 rex
986 3078 1109 3158 nostra
1119 3081 1275 3191 reliquit

264 3213 448 3325 Hospitio,
480 3234 517 3297 et
535 3218 659 3296 Turni
678 3216 800 3325 potius
813 3214 849 3294 se
866 3215 1022 3296 credidit
1038 3222 1161 3304 armis.

264 3357 434 3464 Aequius
450 3355 541 3436 huic
560 3360 736 3435 Turnum
754 3355 873 3435 fuerat
884 3356 919 3435 se
938 3384 1125 3465 opponere
1139 3363 1271 3448 morti.

263 3496 302 3575 Si
315 3495 460 3575 bellum
472 3492 578 3576 finire
593 3520 721 3593 manu,
753 3494 780 3573 fi
795 3495 932 3605 pellere
945 3498 1116 3581 Teucros
1245 3526 1262 3587 r
1279 3506 1340 3590 16

262 3639 430 3747 Apparat
440 3675 452 3734 5
482 3634 541 3715 his
561 3637 684 3716 decuit
699 3662 854 3716 mecum
872 3662 1089 3720 concurrere
1102 3639 1201 3723 telis:

260 3775 389 3874 Vixet,
421 3775 482 3856 cui
496 3774 611 3855 vitam
629 3776 731 3874 deus,
764 3792 828 3854 aut
842 3772 905 3854 sua
918 3774 1060 3877 dextra,
1080 3777 1247 3867 dedisset.

261 3916 379 3998 Nunc
397 3916 459 4015 ite,
492 3933 530 3996 et
542 3916 682 3996 miseris
697 3915 891 4024 supponite
908 3916 1051 3997 civibus
1062 3919 1204 4029 ignem.

259 4056 418 4137 Dixerat
436 4056 595 4139 Aeneas.
627 4055 692 4136 olli
706 4054 928 4165 obstupuere
950 4055 1106 4155 silentes,
1241 4086 1338 4163 rao

258 4193 511 4309 Converfique
526 4193 655 4280 oculos
673 4195 768 4314 inter
784 4193 820 4315 se
839 4212 950 4308 atque
968 4223 1033 4282 ora
1043 4194 1235 4317 tenebant.

1201 4333 1337 4437 Tum,
