2872 5176
302 351 394 453 208
494 337 1148 443 P.Vrroru11MAnort1s

294 553 446 638 Auditis
463 550 525 633 ille
544 547 637 629 haec
650 545 797 657 placido
809 540 858 626 lic
875 544 1035 626 reddidit
1052 574 1143 631 ore:
1274 570 1362 665 251

296 697 335 778 Ο
353 694 558 777 fortunatae
575 705 715 797 gentes,
746 685 912 803 Saturnia
929 712 1056 794 regna,

296 831 458 952 Antiqui
474 828 645 924 Ausonii,
676 852 773 935 quae
792 852 858 905 vos
878 823 1028 908 fortuna
1044 825 1190 934 quietos
1214 906 1217 912 ,

126 1008 129 1015 ·
296 973 488 1070 Sollicitat,
516 967 719 1075 suadetque
734 965 860 1074 ignota
870 962 1036 1045 lacefl'ere
1049 963 1174 1050 bella?

294 1113 524 1223 Qicunque
542 1105 673 1188 Iliacos
687 1104 785 1185 ferro
797 1100 1017 1183 violavimus
1029 1130 1148 1213 agros,
1273 1132 1297 1190 2
1304 1133 1333 1218 5
1340 1137 1366 1219 ς

292 1251 413 1334 Mitto
429 1276 473 1331 <a
483 1273 580 1356 quae
597 1243 713 1326 muris
722 1240 895 1323 bellando
911 1238 1089 1322 exhausta
1105 1242 1172 1325 sub
1188 1242 1286 1346 altis,

294 1393 404 1496 Quos
422 1388 557 1492 Simois
569 1368 706 1494 premit
723 1381 784 1463 ille
797 1382 907 1478 viros,
937 1380 1089 1463 infanda
1099 1412 1165 1494 per
1180 1386 1320 1470 orbem

295 1528 498 1641 Supplicia,
536 1543 574 1609 et
590 1523 768 1605 scelerum
794 1549 930 1633 poenas
948 1524 1195 1633 expendimus
1211 1553 1366 1629 omnes,

294 1670 371 1751 Vel
388 1670 538 1751 Priamo
551 1663 765 1779 xmiseranda
781 1690 927 1745 manus.
958 1663 1025 1744 scit
1042 1665 1142 1748 triste
1159 1667 1364 1752 Minervae

295 1810 417 1908 Sidus,
431 1826 470 1890 et
481 1807 679 1894 Euboicae·
689 1821 826 1900 cautes,
840 1801 1013 1911 ultorque
1028 1804 1256 1915 Caphereus.
1270 1811 1363 1894 260

294 1947 439 2032 Militia
451 1974 499 2026 ex
516 1943 579 2024 illa
604 1941 789 2022 diversum
802 1942 850 2022 ad
868 1940 955 2021 litus
970 1942 1104 2044 abadi,

116 2136 118 2141 ·
294 2086 444 2169 Atrides
463 2082 586 2166 Protei
598 2080 795 2164 Menelaus
806 2081 853 2162 ad
867 2080 980 2190 usque
998 2082 1192 2168 columnas

294 2227 469 2326 Exsulat3
499 2229 685 2307 Aetneaos
702 2224 795 2304 vidit
815 2222 1000 2334 Cyclopas
1015 2225 1172 2335 Ulysses.

295 2370 430 2479 Regna
448 2363 694 2475 Neoptolemi
711 2363 882 2460 referam,
914 2363 1104 2474 versosque
1122 2355 1278 2452 Penates

293 2508 518 2590 Idomenei?
548 2505 741 2614 Libycone
753 2503 956 2585 habitantes
968 2505 1074 2589 litore
1084 2509 1251 2595 Locros?
1268 2507 1325 2595 26
1331 2539 1358 2626 5

294 2649 376 2757 lpse
387 2647 617 2752 Mycenaeus
636 2671 860 2752 magnorum
877 2645 1008 2726 dudtor
1026 2646 1220 2729 Achivum

294 2789 475 2898 Conjugis
493 2786 663 2868 infandae
681 2786 803 2896 prima
821 2789 914 2868 intra
931 2787 1061 2870 limina
1079 2791 1207 2873 dextra

146 2919 148 2923 ⁵
294 2931 489 3040 Oppetiit:
520 2929 663 3010 devisla
681 2928 768 3010 Assa
787 2928 946 3011 subsedit
961 2931 1117 3019 adulter.

293 3069 467 3152 Invidisse
487 3069 587 3166 deos,
618 3069 741 3179 patriis
758 3088 800 3150 ut
816 3073 977 3152 redditus
997 3073 1067 3154 aris
1267 3101 1359 3188 270

293 3210 524 3318 Conjugium
531 3226 701 3318 optatum
715 3229 752 3291 et
764 3208 962 3319 pulchram
974 3210 1367 3323 Calydonasiderem?

291 3351 336 3431 N
338 3376 410 3429 unc
422 3349 536 3428 etiam
547 3346 715 3429 horribili
732 3350 809 3433 visu
820 3368 988 3459 portenta
1005 3351 1231 3461 sequuntur;

292 3489 345 3569 Et
361 3486 449 3566 socii
461 3485 579 3567 amiffi
608 3487 792 3596 petierunt
808 3486 955 3569 aethera
972 3494 1115 3600 pennis,

291 3625 601 3734 Fluminibusque
617 3645 793 3736 vagantur
803 3656 899 3726 aves,
930 3626 1007 3709 heu
1019 3630 1099 3711 dira
1118 3654 1295 3747 meorum

292 3765 500 3876 Supplicia!
545 3782 582 3846 et
599 3766 767 3877 scopulos
781 3767 993 3876 lacrymofis
1009 3770 1161 3852 vocibus
1182 3768 1356 3878 implent.

291 3904 399 3984 Haec
412 3905 503 3985 adeo
514 3932 562 3984 ex
576 3903 641 3985 illo
656 3905 753 3986 mihi
761 3909 842 4014 jam
857 3908 1032 4016 speranda
1049 3908 1199 3991 fuerunt
1265 3937 1321 4023 ²7
1332 3935 1356 4023 ς

289 4042 497 4152 Tempore,
529 4072 621 4157 cum
639 4043 737 4125 ferro
755 4045 924 4127 coelestia
941 4075 1095 4156 corpora
1107 4048 1262 4128 demens

289 4184 454 4294 Appetii,
486 4200 522 4265 et
536 4184 686 4268 Veneris
703 4185 836 4270 violavi
851 4185 999 4295 volnere
1016 4188 1198 4272 dextram.

1281 4325 1351 4407 Ne
