2872 5176
182 339 282 444 170
365 301 418 433 P}
448 302 719 399 Vrnernrr
752 301 1034 412 Maronis
1106 301 1108 306 ’

71 496 77 512 ’
176 518 347 627 Agmen,
378 527 416 593 et
431 524 561 590 aurato
572 504 741 616 fulgebat
758 505 939 620 Apolline
953 519 1109 632 puppis.

177 655 378 737 Sexcentos
397 647 452 732 illi
468 645 622 729 dederat
640 646 851 756 Populonia
860 667 981 734 mater

176 796 363 907 Expertus
374 788 465 873 belli
475 790 652 900 juvenes:
682 787 739 870 ast
753 788 833 872 ilva
842 807 1026 875 trecentos

176 935 316 1036 Insula,
343 929 571 1019 inexhaustis
588 927 810 1039 Chalybum
827 933 1002 1041 generosa
1015 938 1193 1025 metallis.

176 1079 345 1176 Tertius,
376 1075 439 1157 ille
452 1073 658 1157 hominum
668 1074 875 1186 divumque
888 1076 1081 1190 interpres,
1102 1069 1253 1196 Asyias,
1280 1087 1288 1105 '

175 1221 253 1304 Cui
271 1218 464 1334 pecudum
477 1215 604 1315 fibrae,
636 1214 732 1297 coeli
748 1215 953 1326 cuifidera,
983 1243 1130 1332 parent,
1155 1204 1251 1347 ⁴176
1283 1335 1286 1341 Ι

175 1366 230 1449 Et
242 1363 390 1472 linguae
406 1359 621 1459 volucrum,
649 1375 688 1443 et
701 1357 865 1471 praesagi
884 1359 1058 1447 fulminis
1069 1365 1193 1478 ignee

175 1501 291 1585 Mille
304 1503 413 1614 rapit,
443 1501 575 1585 densos
593 1528 672 1581 acre
683 1519 795 1612 atque
810 1499 1190 1599 horrenuiiushaffis
1284 1530 1288 1543 ·

176 1646 264 1731 Hos
282 1645 549 1756 pmerejubent
567 1640 741 1754 Alpheae
758 1642 808 1724 ab
825 1642 969 1754 origine
979 1642 1086 1731 Pisae
1095 1688 1111 1748 ς
1292 1657 1295 1662 ’

124 1824 126 1828 >
174 1786 279 1869 Urbs
295 1784 450 1869 Etrusca
462 1784 552 1868 solo
580 1784 744 1894 sequitur
765 1778 1045 1894 pulcherrimus
1054 1773 1206 1894 Astur,

56 2024 60 2032 ¹
105 1954 110 1963 ·
174 1924 292 2009 Astur
306 1952 407 2033 equo
415 1922 549 2023 fidens,
576 1939 616 2003 et
629 1921 1046 2049 verficoloribusarmit.
1163 1934 1217 2018 18
1229 1965 1247 2022 1

174 2067 413 2148 Tercentum
429 2062 620 2175 adjiciunt,
652 2090 761 2145 mens
772 2064 952 2146 omnibus
963 2093 1040 2149 una
1058 2069 1253 2182 sequendi,

174 2206 257 2305 Qui
277 2209 431 2288 Caerete
446 2205 578 2319 dqmo,
610 2202 780 2315 quisunt
799 2206 985 2288 Minionis
1001 2207 1150 2295 inarvis
1161 2255 1176 2316 3
1218 2264 1225 2277 ·

174 2350 228 2432 Et
247 2349 363 2459 Pyrgi
381 2363 533 2445 veteres,
564 2345 880 2456 intempestaeque
897 2347 1109 2438 Graviscae.

174 2487 272 2571 Non
290 2516 362 2600 ego
381 2506 432 2585 te,
463 2489 651 2597 Ligurum
665 2489 799 2570 duitor
814 2488 1010 2573 foruffime
1021 2493 1141 2594 bello
1162 2498 1217 2584 18
1224 2527 1249 2614 ς

160 2629 419 2726 'Tranfierim
450 2629 601 2737 Cinyra,
629 2647 669 2710 et
686 2657 812 2741 paucrs
824 2631 1002 2712 comitate
1014 2627 1187 2747 Cupevo

174 2770 292 2880 Cujus
312 2769 474 2852 olorinae
493 2769 646 2877 surgunt
664 2770 712 2850 de
732 2771 866 2852 vertice
880 2799 1037 2882 pennae.
1102 2876 1106 2884 .

174 2911 332 2991 Crimen
345 2939 450 2991 amor
464 2909 639 3009 vestrum,
671 2911 890 3019 formaeque
902 2912 1045 3022 msrgne
1061 2934 1250 3026 paternae.

172 3051 356 3160 Namque
371 3050 521 3158 ferunt,
541 3037 646 3130 luctu
658 3052 835 3159 Cycnum
851 3050 1068 3141 Phaimntis
1083 3061 1217 3158 amati,

173 3186 358 3298 Populeas
376 3186 471 3268 inter
483 3185 634 3271 frondes
655 3188 905 3297 umbramque
923 3189 1094 3274 sororum
1137 3197 1139 3201 ’
1162 3223 1247 3312 190

173 3328 285 3409 Dum
308 3329 418 3426 canit,
449 3348 487 3410 et
507 3330 697 3410 moestum
715 3330 821 3409 musa
833 3330 969 3413 solatur
982 3358 1188 3441 mirorem,
1276 3378 1282 3389 ’

174 3471 385 3550 Canentem
403 3468 511 3551 molli
524 3470 656 3580 pluma
667 3470 809 3552 duxiffe
820 3449 1028 3574 semitam,

173 3610 431 3720 Linquentem
450 3627 572 3707 terras,
607 3630 644 3691 et
665 3610 781 3692 srdera
794 3638 887 3693 voce
904 3611 1137 3724 sequentem.

171 3750 304 3848 Filius,
331 3744 502 3858 aequales
512 3751 712 3832 comitatus
730 3751 837 3832 claffe
847 3769 1048 3853 catervae

173 3894 373 4000 Ingentem
392 3892 503 3974 remis
516 3911 737 3974 centaurum
760 3912 980 4003 promovet.
1011 3894 1074 3978 ille
1163 3924 1219 4014 19
1225 3926 1250 4013 ς

173 4030 291 4114 Instat
308 4059 439 4141 aquae,
471 4035 676 4144 saxumque
688 4034 826 4115 undis
814 4047 983 4119 immane
1002 4037 1172 4123 minatur

173 4171 340 4279 Arduus,
369 4192 407 4260 et
419 4173 531 4291 longa
547 4175 663 4262 sulcat
676 4176 793 4262 maria
810 4176 1033 4274 altamira.
1200 4292 1204 4297 ,

966 4410 971 4419 ,
1174 4316 1256 4412 Ille
