2872 5176
283 345 383 440 194
467 318 518 411 P.
552 319 823 411 Vinctum
858 316 1138 411 Manonrs

281 517 456 627 Telaque
473 519 688 626 conjiciunt,
719 520 1010 628 proturbantque
1026 517 1176 601 eminus
1194 512 1363 599 hotbem

280 655 497 739 Misfilibus.
526 658 617 741 furit
630 662 787 756 Aeneas,
815 657 1005 767 eousque
1020 673 1120 739 tenet
1141 655 1194 741 se.

281 797 344 877 Ac
359 794 472 895 velut,
499 797 613 881 effusa
632 800 661 881 fi
680 799 832 909 quando
848 797 1025 907 grandine
1037 795 1159 879 nimbi

280 933 542 1051 Praecipitant,
572 939 695 1021 omnis
706 938 849 1048 campis
860 934 1009 1045 diffugit
1022 953 1154 1034 arator,
1338 1044 1342 1051 Ι

284 1072 422 1154 Omnis
439 1089 477 1173 et
489 1074 676 1195 agricola3
703 1092 742 1165 et
757 1092 836 1157 tuta
852 1073 940 1157 latet
955 1101 1039 1163 arce
1056 1075 1186 1171 viator,
1266 1068 1332 1155 80
1335 1096 1361 1181 5

283 1216 367 1299 Aut
376 1218 495 1301 anmis
511 1216 612 1326 ripis,
642 1234 706 1299 aut
722 1216 787 1301 alti
797 1216 941 1303 fornice
958 1215 1046 1316 suxi,

283 1357 504 1469 Dumpluit
521 1358 697 1458 interris,
728 1377 770 1440 ut
781 1358 929 1468 poffmt,
959 1358 1033 1453 soie
1050 1356 1224 1456 redudio,

283 1498 610 1600 Exercerediem3
641 1502 691 1582 fic
703 1501 856 1583 obrutus
875 1500 1041 1609 undique
1051 1500 1132 1584 telis

284 1638 433 1721 Aeneas
444 1636 588 1721 nubem
598 1635 702 1734 belli,
720 1637 827 1743 ⁸dum
846 1636 1010 1732 detonet,
1039 1659 1197 1717 ornnem

285 1779 466 1880 Sustinet,
493 1798 531 1862 et
540 1779 707 1869 Lausum
719 1779 925 1891 increpitat,
953 1777 1149 1887 Lausoque
1162 1772 1362 1861 mineum

286 1920 380 2025 Quo
392 1921 572 2003 moriture
583 1919 689 2001 ruis?
719 1920 934 2031 majoraque
951 1917 1087 1999 viribus
1098 1914 1238 1997 audes?
1262 1912 1353 2001 811

283 2058 398 2159 Fallit
410 2077 446 2141 te
463 2060 659 2141 incautrun
668 2058 783 2168 pietas
800 2076 875 2142 tua.
907 2086 976 2139 nec
994 2056 1120 2139 minus
1135 2052 1200 2137 itte

284 2197 441 2281 Exultat
454 2200 620 2285 demens.
651 2170 939 2309 saevaejamque
955 2197 1063 2279 altius
1080 2196 1153 2279 irae

284 2340 477 2421 Dardanio
490 2338 643 2448 surgunt
657 2338 817 2437 ductori,
849 2355 1089 2444 extrenuque
1105 2330 1231 2417 Lauso
1264 2330 1359 2442 814

216 2528 219 2533 ·
285 2480 423 2561 Parcae
435 2478 500 2559 fila
510 2477 659 2587 legunt:
685 2477 854 2561 validum
871 2505 1035 2585 namque
1053 2474 1168 2584 exigit
1179 2471 1315 2561 ensem

286 2623 359 2704 Per
376 2620 548 2701 medium
566 2622 712 2701 Aeneas
724 2622 916 2727 juvenem,
955 2637 1152 2727 totumque
1168 2616 1358 2703 recondit.

287 2760 451 2841 Tranfiit
467 2777 504 2841 et
514 2785 685 2868 parmam
697 2785 844 2856 mucro,
873 2754 967 2837 levia
984 2785 1087 2837 arma
1099 2755 1269 2852 minacis,

287 2902 340 2981 Et
356 2900 536 2999 tunicam,
567 2896 676 2980 molli
692 2914 809 2980 mater
820 2925 935 3006 quam
949 2915 1097 2978 neverat
1115 2923 1231 2992 auro;

286 3041 536 3149 Implevitque
552 3038 675 3119 fimun
693 3037 849 3145 sanguis.
888 3055 973 3117 tum
993 3037 1066 3117 vita
1084 3064 1148 3145 per
1165 3063 1272 3117 auras

288 3176 474 3257 Conceffit
484 3175 626 3257 moesta
636 3177 683 3258 ad
695 3203 835 3277 manes,
865 3175 1070 3286 corpusque
1081 3174 1241 3285 reliquit.
1260 3175 1355 3261 820

288 3319 343 3394 At
360 3309 447 3394 vero
466 3333 507 3394 ut
518 3314 666 3395 vultum
683 3315 775 3395 vidit
792 3315 983 3398 morientis
1003 3334 1040 3396 et
1059 3343 1135 3412 ora,

288 3460 366 3535 Ora
380 3455 502 3537 modis
520 3453 761 3535 Anchifiades
773 3453 947 3564 pallentia
965 3457 1083 3554 miris,

287 3596 477 3710 Ingemuit
492 3593 648 3703 graviter
663 3597 851 3696 miserans,
884 3600 1132 3709 dextramque
1150 3596 1323 3697 tetendit,

286 3737 337 3815 Et
351 3753 519 3814 mentem
538 3733 674 3843 patriae
691 3736 799 3817 subiit
816 3738 960 3847 pietatis
979 3738 1118 3847 imago
1260 3737 1354 3844 824

287 3873 393 3970 Quid
407 3872 474 3951 tibi
493 3899 608 3972 nunc,
625 3874 827 3956 miserande
845 3905 949 3986 puer,
964 3906 1037 3987 pro
1048 3874 1218 3958 laudibus
1231 3872 1326 3974 istiS,

286 4013 390 4106 Quid
411 4012 493 4121 pius
512 4014 657 4094 Aeneas
678 4032 777 4098 tanta
795 4016 896 4098 dabit
911 4017 1035 4102 indole
1055 4019 1240 4128 dignum?

188 4192 193 4209 ,
285 4155 418 4248 Arma,
440 4152 576 4260 quibus
599 4151 763 4256 laetatus,
795 4154 891 4240 habe
904 4177 992 4260 tua,
1024 4178 1135 4270 teque
1155 4170 1363 4267 parentum

1174 4293 1365 4379 Manibus
