2872 5176
290 395 639 487 Aruernos
677 382 936 481 uraxn.
1048 416 1145 516 237

76 597 218 680 Indum
235 589 567 703 sanguineo‘veluti
584 586 773 673 violaverit
786 587 885 670 ostro

77 739 117 818 Si
136 736 220 846 quis
231 734 336 830 ebur,
367 729 428 812 vel
440 729 549 811 mista
566 733 700 810 rubent
720 729 787 808 ubi
799 726 877 809 lilia
891 727 1012 813 multa

77 877 180 959 Alba
198 877 304 958 rosa:
335 873 425 954 tales
441 874 548 981 virgo
562 871 673 952 dabat
690 899 754 952 ore
767 869 922 956 colores.

76 1016 195 1098 Illum
212 1015 336 1096 turbat
352 1041 473 1109 amor,
495 1011 650 1121 figitque
669 1011 709 1091 in
722 1011 862 1120 virgine
874 1009 999 1092 vultus
1011 1050 1025 1110 3
1087 1039 1146 1125 70
1271 1044 1296 1077 .·
1404 1008 1407 1012 ’

79 1154 201 1239 Ardet
218 1156 257 1234 in
284 1181 387 1233 arma
406 1151 538 1259 magis,
569 1151 768 1262 paucisque
786 1148 919 1233 affatur
936 1154 1149 1235 Amatam:

79 1293 157 1394 Ne,
190 1292 339 1404 quaeso,
370 1317 419 1372 ne
433 1317 498 1370 me
515 1287 704 1397 lacrymis,
735 1317 829 1371 neve
841 1291 969 1372 omine
987 1307 1104 1388 tanto,

80 1433 306 1542 Prosequere
327 1431 367 1509 in
385 1428 470 1510 duri
479 1429 681 1508 certamina
694 1428 829 1510 Martis
845 1449 1013 1531 euntem,
1158 1444 1161 1449 ’

81 1575 121 1653 0
139 1590 279 1653 mater:
311 1568 551 1677 nequeenim
569 1569 705 1647 Turno
724 1596 831 1649 mora
848 1569 962 1652 libera
976 1570 1121 1653 mortis.

82 1710 261 1793 Nuncius
283 1706 390 1807 haec,
424 1706 589 1802 Idmon,
604 1703 772 1814 Phrygio
787 1734 872 1787 mea
885 1708 984 1790 dieta
994 1727 1155 1817 tyranno

84 1848 402 1960 Haud'placitura
419 1845 540 1930 refer:
575 1873 667 1925 cum
685 1846 855 1956 primum
873 1847 1028 1929 crastina
1047 1847 1155 1930 coelo

83 1988 257 2071 Punieeis
269 1987 413 2068 inveda
426 1986 516 2066 rotis
532 2012 664 2067 aurora
676 1985 837 2088 rubebit,
965 2020 974 2055 .·
1093 2016 1153 2104 77

84 2127 181 2209 Non
194 2128 364 2209 Teucros
380 2144 465 2235 agat
478 2125 518 2206 in
531 2125 718 2209 Rutulos:
738 2127 934 2211 Teucrum
952 2156 1056 2211 arma
1069 2130 1156 2238 qui-

271 2267 396 2346 escant

86 2407 140 2487 Et
157 2404 362 2489 Rutulum.
383 2405 519 2488 nostro
535 2404 731 2488 dirimatur
748 2407 922 2519 sanguine
939 2409 1084 2494 bellum
1103 2444 1114 2496 r

87 2545 161 2627 Illo
179 2564 374 2654 quaeratur
392 2551 531 2656 conjux
556 2546 713 2628 Lavinia
731 2575 881 2660 campo.
1102 2552 1158 2637 80

150 2688 259 2769 Haec
273 2686 340 2768 ubi
354 2686 453 2768 dieta
466 2687 580 2784 dedit,
593 2686 813 2798 rapidusque
826 2690 866 2771 irr
879 2693 976 2772 tetta
989 2691 1158 2795 recellit,

89 2829 214 2912 Poscit
229 2857 360 2940 equos,
392 2831 600 2939 gaudetque
619 2847 725 2912 tuens
737 2849 821 2912 ante
839 2860 903 2913 ora
915 2833 1128 2934 frementes,

91 2970 272 3052 Pilumno
284 2997 379 3081 quos
397 2970 474 3082 ipsa
486 2970 600 3051 decus
618 2969 721 3050 dedit
735 2968 936 3080 Orithyia,
959 2956 961 2961 ¹

89 3113 171 3211 Qui
188 3111 349 3194 candore
368 3112 471 3194 niver
484 3101 675 3210 anteirent,
706 3112 870 3195 cursibus
880 3142 997 3200 auras.
1035 3098 1038 3104 ἢ
1103 3118 1161 3228 84

90 3254 344 3337 Circumstant
360 3254 508 3366 properi
528 3254 690 3364 aurigae,
720 3256 968 3367 manibusque
986 3257 1163 3343 lacefl'unt

91 3395 249 3481 peoora
267 3396 392 3507 plausa
410 3397 521 3495 cavis,
553 3414 590 3477 et
609 3395 706 3478 colla
723 3399 914 3482 comantia
924 3404 1094 3511 pectunt.

94 3536 175 3646 Ipse
189 3533 339 3635 dehinc,
370 3564 461 3616 auro
472 3534 703 3644 squalentem
716 3534 879 3648 alboque
896 3538 1101 3642 orichalco,

93 3677 315 3758 Circumdat
327 3677 485 3758 loricam
501 3673 692 3759 humeris:
724 3678 834 3759 fimul
847 3698 949 3792 aptat
960 3680 1137 3766 habendo

93 3816 324 3925 Ensemque,
354 3815 620 3927 clypeumque,
649 3832 687 3896 et
701 3817 833 3901 rubrae
851 3847 991 3903 cornua
1010 3823 1167 3908 cristaer

94 3961 249 4056 Ensem‚
280 3986 397 4068 quem
412 3961 552 4041 Dauno
569 3959 778 4070 ignipotens
790 3963 881 4046 deus
898 3965 973 4077 ipse
993 3972 1136 4078 parenti
1275 3988 1278 3995 '

95 4096 262 4194 Fecerat,
293 4114 330 4176 et
348 4094 473 4206 Stygia
485 4096 707 4177 candentem
717 4097 876 4183 tinxerat
888 4105 1000 4188 unda.
1109 4135 1162 4218 91

96 4239 211 4340 Exin,
244 4240 392 4348 quaein
406 4238 554 4342 mediis,
588 4239 730 4358 ingenti
748 4241 885 4329 adnixa
902 4247 1117 4347 columnae,
1288 4312 1292 4317 .

112 4396 114 4401 ·
998 4387 1171 4477 Aedibus
