2872 5176
18 452 22 463 .
144 303 297 435 ,38
417 300 1088 404 nvmonuMmoms

227 511 450 613 instituam,
465 506 652 622 festosque
664 508 744 593 dieo
762 509 810 591 de
827 509 983 591 nomine
1000 507 1159 601 Phoebi.
1250 543 1314 630 7⁰

226 653 294 737 Te
308 677 465 765 quoque
476 678 617 762 magna
628 668 786 739 manent
801 648 925 760 regnis
944 651 1147 765 penroulia
1164 651 1312 743 nostrie.

159 848 163 855 -
226 794 311 881 Hic
327 820 401 905 ego
423 821 591 906 namque
611 811 694 881 tuas
713 792 841 893 sortes,
864 818 1073 904 arcanaque
1087 794 1166 877 fata

225 936 343 1024 Dida
359 964 466 1027 meae
479 938 596 1050 genti,
614 964 770 1051 ponam,
784 934 973 1045 leuesque
986 934 1138 1019 sacrabo

227 1078 350 1161 Alma
367 1079 497 1166 viroor
524 1080 625 1165 soliis
643 1098 794 1171 tantum
810 1106 859 1162 ne
873 1077 1044 1162 carmina
1064 1080 1235 1183 manda;

227 1221 295 1311 Ne
307 1221 456 1307 mrbata
473 1225 602 1309 volent
615 1225 753 1338 rapidis
769 1222 931 1308 ludibria
947 1221 1079 1309 ventis.
1250 1251 1280 1342 7
1286 1253 1310 1339 ς

227 1362 314 1474 Ipsa
330 1366 453 1467 canas,
473 1396 553 1453 oro.
585 1368 705 1452 finem
723 1368 828 1455 dedit
844 1394 909 1450 ore
929 1365 1124 1477 loquendi.

227 1504 296 1604 At,
313 1503 459 1590 Phoebi
476 1510 650 1595 nondum
663 1509 818 1622 patiens,
840 1506 1019 1600 immanis
1041 1508 1083 1591 in
1098 1525 1209 1593 antro

225 1642 438 1733 Bacchatur
454 1671 567 1752 vates,
582 1680 769 1764 niagnum
785 1650 814 1733 fi
835 1654 987 1763 pedore
1014 1647 1129 1761 posiit

225 1786 432 1878 Excuffisse
445 1797 576 1887 deum.
606 1814 712 1880 tanto
726 1795 847 1904 magis
859 1793 923 1874 ille
937 1792 1068 1903 fatigat

227 1928 286 2011 Os
296 1934 485 2037 rabidum,
493 1938 573 2020 fera
584 1939 697 2021 corda
705 1937 876 2035 domans,
891 1934 1076 2046 fingitque
1089 1932 1312 2048 premendo.

227 2070 336 2155 Ostia
343 2076 502 2191 jamque
522 2081 661 2165 domus
676 2098 830 2193 patuere
848 2078 1016 2187 iugentia
1033 2094 1191 2161 centum
1251 2078 1304 2164 81

226 2212 367 2325 Sponte
382 2218 460 2321 sua,
478 2223 644 2335 vatisque
659 2221 787 2307 ferunt
808 2218 977 2332 responsa
993 2246 1060 2333 per
1077 2247 1196 2303 amaa.

229 2356 270 2439 0
287 2363 442 2451 andem
457 2366 604 2478 magnis
617 2364 741 2479 pelagi
759 2361 938 2454 defuncte
954 2361 1128 2475 periclis:

227 2500 303 2584 Sed
326 2520 421 2589 terra
440 2510 609 2618 graviora
638 2523 804 2595 manent.
826 2503 867 2589 in
887 2531 1002 2615 regna
1020 2503 1156 2586 Lavini
1251 2505 1310 2615 84

224 2642 467 2734 Dardanidae
486 2652 636 2734 venient
646 2691 659 2749 3
687 2651 795 2735 mitte
813 2646 913 2733 hanc
927 2648 975 2729 de
989 2650 1140 2761 pectore
1157 2675 1313 2747 curam2

45 2876 48 2881 .
226 2784 303 2877 Sed
318 2816 399 2878 non
412 2809 451 2879 ct
470 2789 605 2873 venisse
621 2790 760 2872 volent.
792 2785 905 2888 bella,
923 2783 1075 2873 horrida
1091 2786 1203 2885 bella,

224 2930 280 3013 Et
295 2929 336 3009 T
336 2931 463 3042 ybrim
480 2933 605 3017 multo
623 2930 862 3044 spumantem
880 2927 1058 3040 sunguine
1073 2957 1201 3013 cerno.

224 3072 322 3161 Non
335 3073 471 3155 Simois
484 3075 565 3173 tibi,
585 3100 654 3157 nec
672 3072 862 3172 Xanthus,
881 3096 952 3153 nec
966 3070 1109 3153 Dorica
1126 3070 1245 3155 castra

222 3212 438 3298 Defuerint.
469 3214 563 3295 alius
575 3212 686 3296 Latio
699 3214 782 3322 jam
795 3228 920 3324 partus
935 3206 1121 3310 Achilles,

223 3354 350 3443 Natus
367 3373 405 3437 et
421 3355 593 3467 ipsedea.
624 3381 694 3436 nec
708 3354 868 3437 Teucris
880 3351 1007 3439 addita
1022 3351 1126 3460 Juno
1242 3380 1302 3461 90

223 3494 397 3606 Usquam
409 3496 550 3584 aberit:
582 3522 706 3607 quum
721 3513 765 3579 tu
782 3492 938 3604 supplex
956 3491 996 3581 in
1014 3491 1126 3579 rebus
1141 3489 1272 3599 egenis

223 3636 331 3744 Qas
346 3654 474 3746 gentes
487 3636 641 3737 italum,
658 3654 723 3719 aut
736 3664 830 3748 quaa
846 3664 926 3720 non
942 3635 1103 3717 oraveris
1122 3631 1255 3721 urbm

222 3778 344 3889 Causa
364 3779 456 3863 mali
478 3782 570 3864 tanti
589 3783 730 3891 conjux
745 3780 884 3865 iterum
900 3776 1047 3890 hospita
1064 3774 1228 3873 merim

222 3922 456 4034 Externique
474 3922 612 4005 iterum
628 3921 800 4004 thalami.

222 4063 292 4143 Tu
310 4091 358 4143 nc
383 4065 476 4147 code
489 4064 625 4166 malis3
656 4064 862 4149 sedoontra
874 4061 1070 4147 audentior
1087 4059 1157 4160 ito,
1242 4087 1271 4173 9
1276 4082 1302 4172 ς

224 4202 354 4319 Quam
368 4221 433 4291 tua
449 4222 487 4295 te
500 4202 651 4293 fortuna
667 4205 773 4293 finer.
802 4204 863 4293 via
880 4202 1008 4323 prima
1021 4200 1159 4307 saluos,
1190 4340 1235 4443 Q
1258 4336 1312 4426 od

1233 4366 1259 4423 u
