2872 5176
147 297 150 307 Ι
279 352 349 476 64
471 328 524 448 1²ss
558 348 841 448 Vr'nornrr
878 296 1163 452 Man'onrs

274 555 473 641 Mrttimur
492 552 679 665 Elyfium,
698 570 737 634 et
753 553 864 665 pauci
879 551 977 636 laeta
993 583 1080 639 arva
1095 575 1281 645 tenemus.

275 699 361 783 Has
373 723 519 797 omnes,
537 666 604 777 ubi
621 692 727 793 mille
746 712 869 776 rotam
885 693 1033 780 volvere
1049 727 1116 810 per
1132 730 1263 802 annos,

275 834 550 922 Lethaeun'ad
567 834 729 917 fluvium
747 835 839 916 deus
850 852 980 917 evocat
997 838 1149 948 agmine
1166 868 1332 963 magno:

252 957 261 973 ⁸
276 977 428 1061 Scilicet
444 977 687 1061 immemores
705 976 836 1089 supera
851 993 893 1058 ut
909 1003 1077 1061 convexa
1093 982 1291 1100 revisant,7
1298 991 1320 1097 ς’

277 1119 423 1203 Rursus
440 1136 478 1202 et
494 1119 675 1231 incipiant
690 1120 899 1230 incorpora
917 1119 1011 1202 velle
1025 1124 1169 1211 reverti.
1205 1134 1208 1139 '

276 1260 439 1345 Dixerat
450 1256 655 1343 Anchises:
676 1276 897 1370 natumque,
911 1286 1060 1372 unaque
1073 1263 1269 1377 Sibyllam,

277 1402 496 1484 Conventus
519 1396 634 1481 trahit
662 1401 704 1481 in
722 1399 867 1481 medios
884 1399 1111 1512 turbamque
1133 1406 1356 1500 sonantemt

279 1540 333 1623 Et
344 1540 538 1623 tumulum
555 1541 667 1650 capit,
679 1538 781 1620 unde
799 1565 932 1621 omnes
949 1538 1065 1651 longo
1080 1545 1209 1631 ordine
1227 1552 1339 1662 poffit

279 1665 465 1762 Adversos
485 1678 619 1788 legere,
636 1697 675 1761 et
693 1670 910 1759 venientum
922 1678 1060 1762 discere
1080 1681 1216 1770 vultus.
1263 1721 1291 1805 7
1298 1720 1323 1805 5
1329 1721 1355 1806 ς

341 1821 463 1902 Nunc
478 1847 560 1928 age,
582 1818 815 1900 Dardaniam
832 1815 993 1928 prolem,
1013 1850 1110 1931 quae
1135 1826 1271 1912 deinde
1297 1830 1354 1913 se.

461 1974 598 2070 quatur
894 1996 897 2003 ·
1341 1986 1345 1995 ·

278 2101 427 2204 Gloria,
445 2102 514 2212 qui
532 2118 706 2183 maneant
728 2098 821 2181 Itala
841 2098 889 2183 de
913 2120 1022 2213 gente
1047 2126 1217 2220 nepotes,
1344 2090 1347 2095 ⁵

277 2241 445 2325 illustres
461 2241 619 2341 animas,
636 2239 881 2351 nostrumque
895 2239 935 2322 in
949 2271 1091 2327 nomen
1109 2249 1235 2352 ituras,

280 2383 497 2494 Expediam
515 2381 636 2482 dietis,
650 2400 688 2462 et
704 2397 742 2462 te
760 2399 825 2461 tua
841 2380 916 2462 fata
933 2384 1092 2468 docebo.
1187 2418 1194 2427 ·

280 2523 365 2620 llle,
386 2523 516 2606 vides?
547 2549 641 2635 pura
654 2522 802 2630 juvenis
821 2522 887 2631 qui
904 2524 1034 2606 nititur
1050 2524 1170 2628 hasta,
1264 2537 1353 2643 760

280 2663 461 2747 Proxima
489 2663 582 2744 sorte
601 2679 702 2743 tenet
725 2660 818 2743 lucis
836 2660 946 2761 loca;
971 2662 1115 2775 primus
1129 2668 1177 2749 ad
1189 2696 1297 2756 auras

280 2800 499 2905 Aethereas,
518 2804 613 2886 Italo
630 2802 863 2886 commixtus
879 2802 1066 2915 sanguine,
1082 2805 1204 2918 surget
1357 2890 1368 2903 ,

281 2947 442 3057 Sylvius,
460 2946 656 3028 Albanum
668 2974 822 3044 nomen,
836 2961 901 3026 tua
913 2945 1087 3056 postuma
1097 2949 1245 3060 proles:

281 3091 413 3202 Qem
432 3087 502 3167 tibi
514 3086 696 3195 longaevo
714 3085 837 3165 serum
853 3084 1008 3167 Lavinia
1018 3091 1157 3198 conjux

280 3225 430 3307 Educet
446 3225 555 3334 sylvis
569 3251 711 3334 regem,
730 3251 939 3334 regumque
959 3248 1173 3337 parentemr
1266 3239 1323 3349 76
1330 3264 1355 3351 5

282 3365 397 3447 Unde
411 3392 529 3477 genus
545 3367 679 3474 Longa
696 3364 867 3446 nostrum
881 3363 1136 3450 dominabitur
1155 3369 1267 3458 Alba.

283 3507 485 3589 Proximus
502 3506 565 3587 ille
578 3509 726 3608 Procas,
746 3506 931 3616 Trojanae
944 3506 1061 3617 gloria
1074 3513 1207 3619 gentis,

282 3656 336 3737 Et
348 3651 487 3760 Capys,
506 3666 544 3730 et
560 3648 758 3746 Numitor,
772 3664 823 3748 et,
839 3648 907 3758 qui
927 3664 963 3729 te
981 3649 1136 3731 nomine
1153 3649 1295 3748 reddet,

276 3790 430 3903 Sylvius
445 3792 601 3890 Aeneas,
619 3788 754 3899 pariter
764 3788 899 3899 pietate
919 3788 979 3870 vel
996 3789 1109 3870 armis
1267 3796 1355 3904 769

285 3931 482 4043 Egregius,
499 3929 528 4010 fi
543 3957 711 4041 unquam
729 3930 958 4040 regnandam
969 3929 1152 4041 acceperit
1162 3931 1320 4021 Album.

286 4074 369 4172 Qui
379 4073 556 4181 juvenes!
590 4088 746 4182 quantas
758 4071 952 4172 ostentant,
972 4069 1107 4184 aspice,
1122 4074 1239 4155 vires!

286 4220 416 4329 Atque
428 4212 599 4303 umbrata
624 4231 758 4326 gerunt
784 4212 885 4298 civili
902 4233 1072 4331 tempora
1089 4216 1254 4329 quercu!
1286 4248 1290 4256 ·
1352 4285 1358 4304 .

409 4354 455 4395 ’·
1301 4351 1363 4436 Hi
