2872 5176
169 372 274 472 244
365 341 415 442 P.
448 341 708 441 viamen
744 336 1026 440 Minonis

174 547 351 660 Agminis
365 544 516 655 aligeri;
545 544 667 626 subito
683 572 774 626 cum
791 542 911 656 lapsus
927 546 978 627 ad
996 542 1132 627 undae
1247 554 1252 563 '

174 689 352 795 Cycnum
365 680 611 765 excellentem
627 682 783 793 pedibus
799 681 893 792 rapit
905 681 1114 793 improbus
1134 680 1257 767 uncio.

176 827 360 906 Arrexere
371 821 629 918 animoe'ltuii,
658 825 886 930 cunctaeque
897 821 1074 907 volucres
1163 850 1251 935 251

174 966 407 1048 Convertunt
422 963 588 1046 clamore
603 962 748 1073 fugam,
778 962 948 1045 mirabile
959 962 1058 1063 visu,

177 1102 418 1214 Aetheraque
427 1104 621 1187 obscurant
632 1103 777 1213 pennis,
808 1100 1255 1218 hostemquepeeeurus,

175 1245 415 1342 Pauanube,
444 1261 621 1355 premunt
626 1282 640 1341 ς
670 1245 790 1325 donec
808 1243 847 1325 vi
864 1243 997 1344 vietus,
1024 1244 1170 1356 etipse

177 1379 507 1485 Bondetedefecit,
537 1382 788 1493 praedamque
799 1410 848 1465 ex
857 1380 1051 1493 unguibus
1064 1383 1147 1469 aies
1161 1408 1188 1468 2
1194 1408 1222 1495 ς
1228 1408 1251 1493 5

173 1519 339 1633 Proiecit
355 1517 484 1619 fluvio,
505 1520 928 1632 ,penitusqueinnubile
943 1520 1057 1631 fugit.
1283 1516 1287 1523 ’

178 1663 290 1745 Tum
303 1660 749 1773 veroauguriumRutuli
764 1662 927 1743 clamore
959 1660 1135 1762 salutant,

175 1801 468 1918 Expediuntque
488 1828 644 1885 manus:
682 1799 898 1912 primusque
915 1797 1154 1885 Tolumnius
1177 1826 1248 1883 au·

363 1969 446 2051 ΒΨ»

180 2081 271 2185 Huc,
282 2097 372 2178 erat,
400 2075 476 2159 hoc
486 2078 593 2177 votis,
608 2077 743 2188 inquit,
760 2078 864 2186 quod
876 2077 980 2190 saepe
990 2078 1120 2189 petivi.
1157 2106 1246 2193 259

174 2219 341 2331 Accipio
358 2218 591 2331 agnoscoque
606 2219 708 2303 deos.
737 2245 803 2300 me
818 2245 883 2302 me
899 2218 1008 2320 duce,
1037 2221 1191 2309 ferrum

181 2357 383 2469 Corripite‚
412 2386 438 2440 o
456 2358 603 2457 Rutuli,
633 2386 727 2469 quos
745 2357 938 2468 improbus
957 2358 1102 2443 advena
1113 2361 1223 2445 beilo

183 2497 361 2596 Territat,
382 2495 572 2578 :invalidas
588 2516 630 2578 ut
642 2523 739 2597 aves,
763 2513 803 2578 et
815 2497 920 2578 litora
929 2495 1047 2579 vestm
1209 2538 1216 2552 ·

180 2635 242 2716 vi„
252 2633 417 2745 populat.
446 2635 621 2744 petetille
637 2635 782 2746 fugam,
822 2635 1039 2746 penitusque
1056 2636 1250 2749 profunde

183 2775 280 2856 Vela
291 2774 403 2858 dabit.
435 2799 500 2856 vos
519 2774 687 2857 unanimi
708 2776 854 2858 densete
871 2795 1044 2881 catervas,

182 2914 234 2994 Et
254 2940 383 3022 regem
399 2912 504 2994 vobis
516 2940 642 3023 pugna
660 2914 849 2995 defendite
869 2932 1030 3023 raptum.
1158 2921 1215 3002 26
1222 2949 1246 3030 ς

244 3049 367 3148 Dixit,
389 3069 427 3130 et
437 3052 603 3132 adversos
616 3050 733 3132 telum
751 3050 924 3133 contorsit
937 3051 976 3130 in
993 3049 1118 3132 hostes

183 3188 430 3271 Procurrens:
460 3189 623 3271 sonitum
643 3188 706 3270 dat
723 3188 873 3269 stridula
890 3217 1036 3287 cornus,
1054 3209 1093 3270 et
1109 3218 1219 3277 auras

183 3328 295 3407 Certa
307 3328 413 3414 secat.
444 3327 554 3409 simul
568 3326 656 3426 hoc,
676 3328 785 3408 sunul
799 3329 926 3436 ingens
938 3326 1093 3426 clamor,
1106 3350 1147 3413 et
1163 3358 1253 3419 om·

364 3495 429 3550 nes

182 3604 344 3686 Turbati
359 3606 482 3705 cunei,
514 3603 765 3716 calefaiiaque
778 3609 889 3690 corda
900 3607 1078 3690 tumultu.
1216 3628 1250 3638 ''

179 3743 300 3824 Hasta
310 3744 450 3845 volans,
470 3761 511 3824 ut
524 3743 620 3826 forte
634 3773 770 3828 novem
787 3746 1039 3857 pulcherrima
1059 3746 1224 3833 fratrum
1242 3772 1250 3803 '-

178 3884 345 3990 Corpora
363 3883 599 3966 constiterant
613 3904 754 3985 contra,
785 3914 879 3994 quos
897 3887 975 3967 fida·
986 3905 1125 3969 crearat
1161 3915 1248 4001 ²7¹

179 4023 267 4101 Una
287 4038 341 4102 tot
359 4022 522 4113 Arcadio
539 4024 677 4132 conjux
697 4025 894 4134 Tyrrhena
912 4027 1069 4139 Gilippo
1079 4064 1095 4125 ς

184 4162 335 4244 Horum
357 4188 477 4244 unum
495 4161 542 4245 ad
560 4164 744 4262 medium,
774 4165 901 4250 teritur
915 4195 991 4277 qua
1006 4164 1226 4252 sutilisalvo

1088 4303 1260 4388 Baiieuie
