2872 5176
421 411 726 505 Aruernos
764 405 874 503 L1r.'
898 404 981 503 XI.
1104 433 1200 528 209

138 595 203 684 Ne
220 629 319 701 vero,
350 618 398 684 ne
412 631 476 684 me
487 602 533 683 ad
551 601 640 683 tales
658 597 840 710 impellite
856 629 1012 711 pugnas.
1027 610 1031 617 '

137 742 224 824 Nec
242 739 338 822 mihi
356 770 447 822 cum
459 742 617 823 Teucris
637 740 762 821 ullum
779 740 863 847 post
883 759 986 824 eruta
1001 741 1147 824 bellum
1186 754 1192 763 '

135 882 342 990 Pergama,
372 909 442 964 nec
456 899 624 962 veterum
641 879 799 960 memini
814 881 974 964 laetorve
991 868 1197 968 malorum.¹

135 1021 310 1122 Munera,
330 1033 438 1130 'quae
455 1021 580 1132 patriis
590 1020 637 1101 ad
655 1048 719 1102 me
736 1021 903 1130 portastis
915 1025 962 1104 ab
974 1027 1059 1125 oris,
1106 1028 1186 1111 281

133 1163 276 1244 Vertite
289 1164 335 1244 ad
348 1168 514 1247 Aenean.
546 1164 713 1247 stetimus
730 1164 801 1244 tela
818 1164 940 1276 aspera
958 1186 1099 1269 contra,

133 1303 444 1415 Contulimusque
460 1333 604 1387 manus,
634 1322 786 1414 experto
803 1306 952 1406 credite,
984 1327 1145 1418 quantus

132 1442 179 1523 In
191 1442 369 1556 clypeum
382 1444 551 1553 affurgat,
583 1470 659 1552 quo
679 1444 827 1524 turbine
846 1461 1015 1556 torqueat
1031 1446 1194 1536 hastam

131 1580 172 1660 Si
186 1580 263 1662 duo
279 1590 462 1690 praeterea
474 1581 564 1663 tales
580 1582 689 1660 Ida'ea
701 1579 835 1661 tuliffet
1102 1589 1155 1673 28
1163 1617 1188 1701 5

132 1717 251 1800 Ter'ra
262 1722 370 1820 viros,
403 1719 501 1801 ultro
519 1719 687 1800 Inachias
703 1718 851 1799 veniiset
868 1721 916 1800 ad
934 1723 1041 1803 urbes
1167 1822 1172 1832 .

131 1858 339 1958 Dardanus,
370 1878 407 1941 et
420 1861 527 1942 versis
538 1860 678 1971 lugeret
696 1859 853 1940 Graecia
861 1858 958 1943 fatie.

132 2000 324 2111 Qicquid
336 2001 435 2112 apud
450 2002 563 2083 durae
579 1999 756 2083 certatum
774 1999 827 2082 est
844 2003 993 2085 moenia
1011 2006 1165 2118 Trojae,
1186 2016 1190 2021 '

65 2173 68 2179 ·
130 2141 306 2223 Hedi'oris
325 2144 549 2253 Aeneaeque
560 2171 677 2224 manu
691 2142 843 2223 victoria
859 2143 1021 2226 Graium

129 2280 272 2380 Haefit,
303 2284 392 2364 etin
407 2283 599 2365 decimum
617 2282 766 2393 vestigia
779 2261 918 2363 rettulit
929 2312 1084 2367 annum.
1102 2304 1204 2401 290'

128 2420 262 2501 Ambo
279 2421 424 2519 animis,
454 2421 569 2504 ambo
580 2422 737 2531 insrgnes
750 2418 1014 2529 praestantibus
1024 2424 1160 2509 armis:

129 2559 209 2641 Hic
226 2561 358 2671 pietate
375 2561 487 2670 prior.
518 2569 648 2643 coeant
661 2562 699 2641 in
713 2560 860 2642 foedera
877 2560 1040 2667 dextrae,

129 2706 217 2812 Qa
230 2704 356 2786 datur:
387 2702 453 2801 ast,
485 2703 597 2786 armis
614 2720 835 2785 concurrant
853 2729 971 2804 arma,
1001 2724 1139 2789 cavete.

127 2844 192 2942 Et,
223 2845 388 2955 responsa
402 2843 511 2926 fimul
526 2844 716 2954 quaesunt,
747 2871 814 2924 rex
822 2844 969 2953 optime
978 2872 1125 2955 regum,

126 2982 300 3080 Audisti,
332 3001 369 3064 et
382 3010 476 3094 quae
494 2983 538 3063 fit
555 3010 694 3093 magno
711 2981 885 3063 sententia
903 2983 1015 3087 bello.
1098 3012 1152 3097 29
1159 3010 1184 3098 5

125 3120 204 3202 Vix
222 3151 265 3204 ea
280 3123 407 3232 legati:
439 3123 631 3233 variusque
650 3151 716 3234 per
736 3150 799 3204 ora
812 3123 974 3203 cucurrit
1105 3208 1109 3216 ,

125 3259 363 3343 Ausonidum
377 3263 520 3344 turbata
530 3263 693 3346 fremor:
725 3289 808 3360 ceu,
838 3260 922 3343 saura
933 3278 1126 3344 morantur
1167 3270 1170 3277 ’

126 3404 228 3484 Cum
241 3405 387 3515 rapidos
407 3434 548 3503 amnes,
580 3403 703 3487 clauso
715 3403 759 3485 fit
775 3403 919 3514 gurgite
936 3431 1123 3508 murmur,

123 3545 353 3658 Vicinaeque
370 3547 536 3630 fremunt
552 3549 653 3657 ripae
665 3545 926 3656 crepitantibus
943 3544 1065 3626 undisss

184 3686 241 3766 Ut
253 3688 422 3797 primum
435 3686 567 3797 placati
578 3686 755 3784 animi,et
768 3685 910 3794 trepida
920 3712 984 3765 ora
996 3681 1187 3792 quierunt,¹

121 3815 310 3907 Praefatur
326 3827 430 3907 divos
443 3826 534 3908 solio
553 3853 618 3907 rex
638 3825 721 3907 infit
737 3826 785 3907 ab
799 3823 895 3909 alto:
1092 3850 1173 3934 301
1221 3804 1223 3808 ’

122 3968 224 4045 Ante
237 3938 414 4075 equiderrr
424 3966 570 4047 summa
587 3969 634 4047 de
653 3994 693 4047 re
708 3963 876 4062 statuiffe,
908 3962 1045 4060 Latini,

121 4105 174 4187 Et
189 4102 338 4201 vellem,
369 4122 407 4186 et
421 4104 541 4186 fuerat
557 4103 691 4187 melius
703 4143 716 4201 3
747 4129 824 4184 non
841 4120 1010 4212 ternpore
1025 4100 1090 4183 tali

120 4246 265 4354 Cogere
282 4244 500 4346 concilium,
526 4272 617 4327 cum
636 4269 765 4324 muros
775 4240 903 4324 affidet
919 4239 1062 4325 hostis.¹

181 4387 302 4469 Tora.
334 4387 387 4471 11.
447 4422 450 4431 ·
690 4384 723 4465 Ρ
1033 4376 1182 4460 Bellum
