2872 5176
213 342 315 491 304
415 343 767 453 P.V1nu1n11
802 344 1082 442 Mrroms

212 547 387 658 Triginta
403 546 572 657 capitum
584 545 711 628 foetus·
725 547 846 642 enixa,
872 548 1030 654 jacebit;

213 689 326 793 Alba,
361 686 438 768 solo
451 688 642 786 recubans,
678 688 754 767 albi
773 688 917 768 circum
936 689 1050 768 ubera
1066 690 1155 772 nati.
1219 721 1277 801 45
1380 692 1381 697 ’

216 829 296 911 Hic
313 829 418 909 locus
436 826 536 908 urbis
547 827 628 924 erit,
659 829 803 936 requies
823 855 866 907 ea
882 845 982 908 certa
994 828 1186 911 laborum:

216 971 280 1053 Ex
294 998 372 1080 quo
385 987 440 1050 ter
454 967 558 1064 denis
578 969 712 1048 urbem
727 967 965 1048 redeuntibus
980 969 1086 1050 anuis

216 1112 399 1222 Ascanius
417 1109 506 1189 clari
523 1110 659 1189 condet
672 1109 907 1217 cognominis
918 1106 1081 1200 Albam.

216 1253 335 1337 Haud
353 1253 491 1332 incerta
510 1278 616 1331 cano.
649 1278 749 1330 nunc
765 1278 839 1358 qua
856 1251 1010 1346 ratione,
1041 1252 1146 1361 quod
1158 1249 1281 1349 instat,

211 1390 409 1500 Expedias
426 1388 555 1485 victor,
586 1388 725 1496 paucis,
756 1387 916 1485 adverte,
947 1387 1105 1472 docebo.
1229 1416 1283 1499 50

220 1530 385 1613 Arcades
399 1526 458 1609 his
471 1529 556 1624 oris,
587 1555 704 1636 genus
717 1527 915 1612 aPallante
928 1529 1155 1638 profestum,

220 1671 302 1779 Qpi
321 1696 452 1778 regem
462 1669 682 1773 Evandrum
693 1670 863 1771 comites,
896 1670 961 1777 qui
979 1670 1081 1777 figna
1098 1670 1228 1768 secuti,

221 1810 408 1918 Delegere
423 1807 566 1908 locum,
599 1827 636 1888 et
648 1808 801 1918 posuere
815 1810 854 1888 in
868 1809 1060 1889 montibus
1077 1811 1226 1907 urbem,

223 1949 402 2035 Pallantis
420 1949 548 2059 proavi
568 1948 616 2028 de
629 1950 795 2047 nomine,
827 1947 1074 2030 Pallanteum.

224 2089 283 2173 Hi
296 2086 444 2172 bellum
455 2089 594 2170 affidue
612 2090 756 2170 ducunt
767 2117 858 2169 cum
878 2105 987 2197 gente
1000 2091 1154 2172 Latinas
1233 2119 1255 2201 ς
1265 2118 1286 2200 ς

227 2229 314 2311 Hos
327 2225 451 2310 castris
471 2227 608 2309 adhibe
626 2230 754 2325 socios,
783 2248 820 2309 et
833 2228 983 2311 foedera
998 2230 1127 2338 junge.

227 2367 311 2481 lpse
329 2396 401 2477 ego
417 2386 454 2450 te
469 2370 557 2488 ripis
573 2387 611 2449 et
623 2375 724 2458 resto
741 2369 898 2455 flumine
911 2369 1066 2479 ducam,
1262 2340 1266 2345 Ι

226 2509 441 2599 Adversum
456 2510 568 2592 remis
580 2511 724 2621 superes
739 2511 933 2591 subvectus
947 2527 988 2589 ut
1007 2538 1173 2591 amnem.

230 2652 348 2758 Surge
362 2676 442 2759 age,
474 2669 559 2738 nate
572 2652 662 2748 dea3
695 2651 898 2759 primisque
912 2649 1129 2730 cadentibus
1145 2648 1247 2727 astris

230 2790 374 2906 Junoui
391 2789 447 2871 ser
468 2792 535 2873 rite
552 2819 691 2903 preces,
723 2792 905 2900 iramque,
925 2790 1116 2898 minasque
1238 2790 1293 2870 60

233 2932 470 3041 supplicibus
484 2935 614 3044 supera
630 2936 735 3017 votis.
768 2933 864 3013 mihi
884 2934 1001 3013 victor
1022 2928 1206 3011 honorem

231 3071 432 3162 Persolves.
464 3101 534 3181 ego
553 3074 649 3171 sum,
682 3075 793 3183 pleno
807 3100 924 3180 quem
945 3071 1101 3156 flumine
1119 3067 1236 3149 cernis

236 3209 486 3316 stringentem
497 3211 606 3320 ripas,
635 3230 672 3292 et
689 3212 841 3320 pinguia
860 3211 961 3290 culta
972 3209 1167 3303 secantem,

237 3345 443 3427 Coeruleus
460 3349 612 3456 Tybris,
645 3349 751 3429 coelo
766 3349 988 3456 gratissimus
1000 3346 1133 3432 amnis.

240 3485 321 3568 Hic
335 3483 581 3596 mihimagna
595 3488 743 3586 domus,
777 3487 878 3569 celfis
890 3505 1001 3595 caput
1014 3484 1169 3566 urbibus
1180 3484 1268 3568 exit.

240 3624 373 3724 Dixit,
405 3626 538 3714 deinde
551 3626 635 3708 lacu
648 3627 781 3713 fluvius
799 3628 834 3708 se
852 3627 1019 3708 condidit
1027 3608 1120 3723 alt0,
1245 3625 1300 3709 66

241 3767 327 3857 lma
344 3785 483 3877 petens.
515 3797 593 3860 nox
606 3773 759 3860 Aenean
775 3767 997 3878 somnusque
1010 3766 1170 3876 reliquit,

243 3905 380 4014 Surgit,
406 3924 454 4003 et,
472 3904 623 3987 aetherii
643 3909 808 4018 speetans
824 3876 977 3991 oriehtia
997 3906 1081 3998 solis
1233 3935 1242 3954 ·

136 4130 139 4135 ,
242 4042 421 4144 Lumina,
449 4046 517 4127 rite
530 4048 628 4129 cavis
641 4049 783 4131 undam
795 4050 843 4131 de
859 4048 1016 4130 flumine
1034 4046 1168 4160 palmis

116 4210 122 4217 '
246 4168 411 4295 suadit,
442 4187 591 4272 ac'tales
608 4189 742 4277 effudit
755 4192 804 4276 ad
820 4191 1111 4277 aethera-voces:
1247 4211 1306 4298 7⁰

1071 4304 1305 4443 Nymphae,
