2872 5176
365 345 682 437 Aruernos
719 333 989 445 Lrnvnt
1083 366 1184 477 119

105 550 300 659 Gorgona,
331 545 479 630 desecto
489 562 699 628 vertentem
718 541 866 626 lumina
882 545 995 632 eollo.

27 686 30 693 ’
130 802 135 813 ι
163 687 309 773 Tollite
334 688 484 791 cuncta,
527 685 664 795 inquit,
701 683 928 797 coeptosque
958 684 1103 771 auferte
1125 688 1183 773 ln.¹

290 825 412 923 bores,

103 966 245 1050 Aetnei
257 967 459 1077 Cyclopes,
480 982 517 1047 et
530 962 803 1064 hucadvertite
820 981 1005 1053 mentem.
1088 970 1182 1079 44e¹

106 1110 229 1190 Arma
247 1108 323 1189 acri
334 1105 505 1188 facienda
520 1106 614 1189 viro.
644 1131 746 1186 nuuc
761 1103 902 1186 viribus
919 1107 1020 1212 usus,

105 1250 225 1331 Nunc
239 1248 412 1330 manibus
430 1245 581 1357 rapidis,
602 1245 716 1328 omni
727 1273 829 1326 nunc
843 1246 1116 1356 artemagistra.

102 1388 345 1500 Praecipitate
359 1415 495 1469 moras.
530 1412 600 1469 nec
615 1383 887 1497 pluraefsatus:
918 1386 1027 1468 atilli

105 1528 225 1615 Ocius
236 1529 439 1612 incubuere
455 1555 599 1624 omnes,
631 1527 839 1636 pariterque
856 1525 1026 1610 laborem

105 1668 245 1750 Sortiti.
276 1667 360 1749 fluit
373 1694 433 1748 aes
450 1666 549 1765 rivis,
579 1667 737 1775 aurique
753 1665 966 1767 metallum,
1086 1696 1142 1776 44
1150 1690 1175 1781 ς

103 1807 388 1919 Volnificusque
403 1808 559 1919 chalybs
574 1808 674 1890 vasta
690 1807 841 1890 fornace
859 1807 1041 1918 liquescit.

103 1950 302 2061 Ingentem
320 1952 497 2064 clypeum
515 1948 735 2049 informant,
765 1976 888 2031 unum
906 1948 1036 2031 omnia
1048 1965 1177 2031 coutnt

104 2090 203 2174 Tela
217 2095 454 2193 Latinorum,
486 2093 725 2203 septenosque
746 2091 898 2174 orbibus
917 2093 1026 2174 orbes

105 2234 335 2344 Impediunt.
366 2237 429 2316 alii
441 2237 595 2317 ventosis
608 2233 759 2317 follibus
769 2260 874 2313 auras

103 2373 311 2483 Accipiunt
324 2374 580 2483 redduntque;
611 2373 673 2454 alii
692 2372 879 2457 stridentia
890 2372 1041 2481 tingunt
1082 2398 1110 2483 4
1116 2398 1172 2487 50

104 2515 207 2594 Aera
220 2514 317 2600 lacu.
349 2517 467 2624 gemit
485 2514 664 2625 impositis
686 2512 884 2594 incudibus
901 2531 1066 2598 anuum.
1166 2544 1169 2551 ·

103 2652 167 2736 Illi
179 2654 275 2737 inter
292 2656 365 2739 sese
383 2656 502 2738 multa
513 2658 549 2738 vi
567 2652 717 2738 brachia
733 2652 871 2735 tollunt

103 2797 150 2879 In
165 2825 383 2895 numerum,
397 2798 629 2907 'versantque
646 2796 765 2878 tenaci
784 2794 925 2904 forcipe
941 2793 1108 2877 matum.

164 2939 273 3019 Haec
287 2957 389 3048 pater
405 2939 547 3021 Aeoliis
558 2954 730 3048 properat
742 2935 835 3016 dum
852 2933 1034 3017 Lemnius
1052 2935 1138 3032 oris,
1167 2936 1170 2941 ’

105 3080 325 3162 Evandrum
338 3110 386 3163 ex
404 3082 543 3164 humili
555 3084 654 3163 testo
667 3079 733 3160 lux
747 3077 889 3158 suscitat
902 3075 1016 3178 alma,
1078 3107 1106 3183 4
1113 3104 1135 3188 ς
1144 3099 1168 3188 5

102 3219 155 3301 Et
172 3220 562 3303 matutini'volucrum
583 3221 650 3301 sub
665 3219 830 3300 culmine
844 3235 984 3296 cantus.

101 3361 302 3472 Consurgit
319 3360 451 3461 senior,
483 3364 682 3471 tunicaque
698 3357 884 3439 inducitur
899 3374 1010 3454 artus,

103 3502 154 3583 Et
171 3500 374 3611 Tyrrhena
386 3505 527 3615 pedum
543 3501 752 3584 circumdat
762 3497 908 3578 vincula
930 3496 1077 3605 plantis.

101 3640 211 3723 Tum
222 3640 324 3724 lateri
332 3658 444 3752 atque
452 3640 618 3723 humeris
629 3641 847 3747 Tegeaeum
856 3633 1014 3742 subligat
1024 3629 1166 3727 ensem,

100 3779 269 3865 Demiffa
285 3783 333 3866 ab
351 3782 454 3865 laeva
464 3780 663 3894 pantherae
673 3798 776 3887 terga
786 3793 1014 3881 retorquens.
1076 3772 1166 3876 460

99 3918 188 4002 Nec
204 3942 330 4006 nonet
346 3924 489 4034 gemini
506 3920 676 4008 custodes
686 3918 817 3999 limine
828 3915 875 3995 ab
887 3912 964 3995 alto

99 4060 328 4165 Procedant,
345 4065 580 4177 gressumque
597 4089 705 4145 canes
715 4056 941 4142 comitantur
959 4049 1133 4145 herilem.
1293 4168 1302 4183 ⁸

98 4199 268 4326 Ifiospitis
282 4206 433 4324 Aeneae
449 4203 576 4324 sedem
590 4221 630 4289 et
648 4199 784 4284 secreta
798 4192 959 4309 petebat,

169 4410 172 4415 .
697 4340 720 4425 I
748 4364 780 4452 4
1079 4325 1166 4413 Set·
