2872 5176
382 358 688 447 Aruernos
726 350 838 441 Lrn.
863 346 969 441 VII.
1121 320 1205 470 ⁷97

142 549 276 660 Urgeri
295 548 492 628 volucrum
510 542 764 625 raucarumad
777 542 884 624 litora
898 530 1053 624 nubem.
1116 546 1174 656 7o
1181 570 1204 652 5
1242 528 1245 533 ¹

140 695 252 789 Ecce,
285 688 508 769 Sabinorum
518 685 637 795 prisco
650 685 699 765 de
715 685 889 793 sanguine
900 711 1085 795 magnum

137 834 292 942 Agmen
310 857 420 938 agens
441 827 609 925 Clausus,
642 826 845 934 magnique
863 825 938 935 ipse
962 826 1128 936 agminis
1143 825 1203 908 in-

318 970 392 1049 star
404 1011 416 1065 3

138 1109 294 1189 Claudia
308 1137 408 1191 nunc
430 1137 450 1188 a
470 1135 547 1216 quo
558 1088 779 1187 diffunditur
792 1121 828 1186 et
838 1105 954 1188 tribus
967 1124 1004 1187 et
1020 1133 1111 1216 gens

138 1254 209 1332 Per
221 1252 389 1349 Latium,
422 1250 621 1361 postquam
634 1251 673 1330 in
692 1266 837 1359 partem
847 1247 930 1331 data
949 1250 1075 1331 Roma
1097 1250 1202 1331 sabi-

318 1396 387 1475 nis.
1112 1422 1201 1504 709

136 1534 224 1613 Una
235 1533 365 1642 ingens
384 1534 582 1613 Amiterna
594 1529 741 1629 cohors,
762 1529 945 1641 priscique
959 1533 1138 1638 Qirites,
1186 1524 1190 1529 ⁵

137 1671 239 1754 Ereti
260 1702 392 1756 manus
407 1672 543 1770 omnis,
575 1670 836 1776 oliviferaeque
847 1670 1070 1753 Mutuscae:

136 1814 216 1913 Qui
235 1815 476 1895 Nomentum
491 1812 636 1912 urbem,
669 1810 736 1920 qui
755 1809 876 1891 Rosea
892 1839 978 1894 rura
999 1813 1139 1914 Velini,

65 1964 72 1985 ¹
136 1954 216 2060 Qi
230 1955 401 2034 Tetricae
415 1941 604 2034 horrentes
617 1978 738 2061 rupes,
752 1968 998 2062 montemque
1009 1956 1203 2060 Severum‚'

134 2096 422 2207 Casperiamque
446 2095 588 2197 colunt,
631 2089 875 2198 Forulosque,
903 2112 941 2172 et
958 2092 1103 2178 flumen
1121 2097 1199 2179 Hi-

318 2232 474 2313 mellae:
930 2292 933 2298 -

133 2372 399 2484 QiTiberim
416 2362 667 2481 Fabarimque
680 2368 816 2449 bibunt
821 2409 834 2469 3
867 2398 960 2479 quos
973 2370 1107 2482 frigida
1124 2374 1200 2458 mi·

320 2512 364 2592 stt
1108 2545 1197 2633 715
1258 2586 1263 2595 .

134 2652 285 2749 Nursia,
317 2671 355 2733 et
375 2652 558 2733 Hortinae
571 2651 709 2748 classes,
738 2648 942 2762 populique
958 2655 1104 2740 Latini:

135 2793 315 2904 Qosque
333 2794 455 2876 secans
472 2793 676 2874 infaustum
698 2791 860 2872 interluit
873 2791 975 2874 Allia
991 2824 1146 2883 nomen.

132 2937 263 3042 Qam
278 2934 390 3015 multi
406 2935 553 3042 Libyco
571 2933 769 3014 volvuntur
789 2958 976 3014 marmore
988 2934 1136 3037 fluctus,

134 3078 268 3156 Saevus
287 3075 353 3154 ubi
366 3075 486 3155 Orion
501 3072 664 3156 hibernis
675 3073 846 3155 conditur
864 3073 995 3175 undis3

133 3216 207 3297 Vel
223 3234 317 3326 quot
337 3216 412 3297 sole
429 3244 528 3298 novo
546 3216 676 3297 densae
694 3206 876 3295 torrentur
893 3216 1033 3313 aristae,
1106 3246 1195 3329 720

134 3357 216 3434 Aut
227 3356 366 3436 Hermi
383 3383 532 3466 campo,
564 3374 627 3435 aut
640 3355 779 3465 Lyciae
798 3352 1017 3436 flaventibus
1034 3354 1127 3437 arvis
1133 3396 1147 3457 ς
1172 3418 1186 3435 ..

133 3495 244 3576 Scuta
263 3494 404 3608 sonant,
435 3497 616 3607 pulsuque
629 3495 772 3605 pedum
783 3494 909 3574 tremit
919 3496 1040 3576 excita
1057 3496 1176 3582 tellus.

131 3635 237 3716 Hinc
256 3636 596 3745 Agamemnoniae·
624 3635 781 3744 Troiani
795 3635 957 3716 nominis
968 3633 1096 3732 hostis,

131 3777 256 3857 Curru
267 3778 392 3888 jungit
412 3779 571 3861 Halesus
581 3805 710 3885 equos,
741 3777 951 3884 Turnoque
964 3771 1103 3857 seroces

131 3913 244 3994 Mille
258 3918 354 4025 rapit
374 3921 530 4026 populos
540 3957 552 4015 3
584 3931 731 3997 vertunt
748 3913 871 3995 felicia
891 3913 1040 3997 Baccho
1103 3943 1157 4029 72
1166 3945 1190 4028 ς

130 4050 290 4132 Maffica
301 4053 369 4162 qui
380 4053 512 4153 talliis,
543 4072 581 4134 et
599 4081 693 4163 quos
704 4051 753 4133 de
769 4051 926 4134 collibus
943 4052 1026 4138 altis
1137 4118 1141 4125 .

131 4193 303 4297 Aurunci
316 4193 446 4275 misere
464 4211 594 4307 patres,
607 4292 614 4301 .
628 4193 979 4305 Sidicinaquejuxta
1032 4236 1037 4241 ·

193 4334 383 4424 Toull.
719 4335 765 4416 Η
996 4341 1187 4449 Aequora,
