2872 5176
300 347 399 419 120
498 306 1170 416 P·.VrnerrrrMnnou1s
1289 442 1297 453 Ι

298 524 527 607 Sermonum
537 541 685 597 memor
701 531 740 596 et
752 508 920 625 promiffi
941 509 1120 609 muneris,
1151 506 1273 591 heros.

301 664 391 749 Nec
407 660 534 743 minus
548 653 749 765 Aenensse
761 652 966 734 matutinus
981 648 1124 759 agebat.
1280 655 1338 761 46
1344 680 1371 767 ς

300 798 421 885 Filius
436 796 528 880 huic
544 794 677 894 Pallas,
705 792 761 874 illi
773 818 899 872 comes
913 788 990 870 ibat
1008 786 1186 873 Achates.

300 936 495 1050 Congreffi
501 937 668 1047 jungunt
681 932 842 1031 dextras,
874 926 1080 1036 mediisque
1093 928 1256 1011 refidunt
1371 992 1376 1001 .

302 1078 489 1179 Aedibus,
519 1095 557 1158 et
568 1074 673 1156 licito
686 1073 841 1155 tandem
858 1070 1028 1151 sermone
1044 1066 1233 1155 fruuntur.

303 1222 395 1305 Rex
409 1217 510 1331 prior
528 1213 641 1299 haec:
1374 1274 1377 1281 .

306 1360 485 1445 Maxime
501 1358 743 1438 Teucrorum
760 1354 906 1449 duuor,
925 1379 1002 1461 quo
1017 1349 1160 1459 sospite,
1179 1377 1378 1461 nunquam

307 1502 390 1583 Res
404 1496 584 1611 equidem
599 1498 740 1605 Trojae
756 1496 870 1575 vicus
883 1510 946 1573 aut
966 1493 1253 1602 regnafateber3
1286 1523 1372 1611 471

309 1639 437 1727 Nobis
450 1640 499 1722 ad
516 1637 607 1719 belli
621 1636 806 1719 auxilium
821 1633 1058 1742 pronomine
1075 1651 1178 1715 tanto

309 1779 484 1891 Exiguae
497 1777 604 1860 vires.
634 1772 867 1859 hincTusco
884 1771 1094 1854 claudimur
1111 1773 1229 1872 amni,

316 1922 427 2032 ¹Hinc
452 1916 619 2001 Rutulus
643 1914 794 2026 premit,
820 1932 858 1994 et
878 1941 1035 1994 murum
1052 1914 1302 1995 circumsonat
1314 1942 1385 2017 ar·

500 2084 585 2144 nus.

150 2220 153 2225 ·
316 2197 467 2285 sedtibi
476 2225 547 2308 ego
555 2198 722 2307 ingentes
729 2192 1147 2305 populosopulentaquc
1160 2195 1282 2306 regnis
1293 2226 1351 2313 47
1357 2222 1383 2310 ς

321 2340 486 2451 Jungerc
510 2334 627 2418 castra
640 2363 752 2446 paro;
789 2362 907 2444 quam
922 2331 998 2414 fors
1015 2332 1167 2443 inopina
1183 2334 1340 2417 salutem

320 2480 506 2563 Ostentat.
539 2477 623 2559 fatis
634 2476 711 2557 huc
726 2496 764 2557 te
782 2475 1014 2587 poscentibus
1032 2476 1152 2559 affers.

319 2618 444 2702 Haud
461 2615 593 2729 procul
608 2614 698 2697 hinc
710 2616 798 2697 saxo
823 2616 997 2696 incolitur
1013 2616 1167 2698 fundata
1183 2617 1330 2700 vetusto

322 2755 441 2839 Urbis
465 2754 663 2865 Agyllinae
682 2755 803 2855 sedes;
833 2757 899 2837 ubi
913 2755 1034 2864 Lydia
1047 2760 1241 2865 quondam

177 2906 185 2921 '
321 2898 444 2996 Gens,
471 2896 575 2979 bello
587 2895 788 3007 praeclara,
813 2896 913 3005 jugis
931 2894 1062 2975 insedit
1075 2898 1249 2978 Etruscis.
1302 2898 1392 3003 480

325 3038 441 3121 Hanc
459 3037 599 3119 multos
619 3035 816 3119 florentem
834 3066 949 3118 annos
962 3066 1028 3119 rex
1041 3039 1175 3120 deinde
1195 3040 1354 3152 superbo

327 3180 496 3287 Imperio
511 3197 548 3258 ct
558 3176 669 3256 saevis
682 3180 801 3259 tenuit
812 3179 1028 3259 Mezentius
1042 3178 1166 3259 armis.

328 3316 435 3424 Qid
447 3344 659 3421 memorem
673 3317 842 3398 infandas
862 3318 1014 3400 caedes?
1036 3319 1130 3426 quid
1144 3318 1240 3399 sada
1253 3324 1399 3428 tyranni

329 3454 482 3543 Effera?
514 3455 554 3534 di
575 3457 685 3565 capiti
702 3457 813 3567 ipsius
827 3458 1026 3566 generique
1044 3458 1246 3542 reservent!

329 3598 487 3681 Mortua
498 3594 590 3703 quin
602 3594 903 3705 etiamjungebat
916 3623 1070 3706 corpora
1084 3598 1189 3694 vivis,
1216 3572 1227 3591 ⁹
1309 3597 1365 3703 48
1373 3618 1399 3707 5

332 3738 577 3845 componens
595 3735 838 3844 manibusque
857 3764 1003 3833 manus,
1044 3755 1156 3846 atque
1169 3738 1296 3819 oribus
1314 3762 1405 3835 ora3

333 3876 536 3957 Tormenti
547 3875 683 3983 genus!
716 3896 754 3956 et
770 3877 866 3957 sanie
886 3877 1047 3986 taboque
1065 3876 1221 3959 fluentes

333 4012 551 4123 complexu
569 4015 608 4093 in
626 4014 772 4114 misero,
788 4015 899 4127 longa
917 4016 967 4099 fic
981 4036 1102 4100 morte
1114 4018 1281 4102 necabat.

335 4155 393 4241 At
409 4154 491 4243 feffi
509 4156 662 4247 tandem
682 4156 781 4245 cives
798 4157 952 4249 infanda
971 4157 1161 4251 furentem
1314 4266 1321 4277 .

795 4326 798 4331 ·
1331 4296 1413 4382 Ar-
