2872 5176
407 393 740 487 Anunrnos.
784 383 905 485 Lrn.⁸
939 392 1022 490 VI.
1182 390 1250 513 69

157 582 264 663 Utto
281 579 318 662 se
336 596 483 664 tantum
502 582 608 664 tellus
616 581 769 692 jastabit
788 580 956 662 alumno.

171 723 263 803 Heu
282 721 420 832 pietas!
451 720 528 803 heu
543 724 661 833 prisca
678 722 782 818 fides,
801 721 1011 831 invictaque
1025 719 1128 802 bello

168 848 358 945 Dextera!
387 892 465 944 non
485 865 540 946 illi
558 864 758 974 quisquam
775 858 818 944 'se
835 862 992 973 impune
1016 861 1152 943 tulisset

170 1003 317 1085 Obvius
340 1022 496 1102 armato,
518 1005 582 1086 seu
596 1032 688 1084 cum
702 1003 814 1112 pedes
832 1003 902 1082 iret
919 1003 960 1083 in
975 1000 1136 1101 hostem,
1155 1003 1240 1087 880

171 1143 246 1225 Seu
263 1144 464 1259 spumantis
484 1146 573 1252 equi
599 1142 744 1225 foderet
756 1141 958 1223 calcaribus
976 1169 1113 1225 armos.
1192 1224 1202 1255 .-

172 1282 275 1378 Heu,
288 1282 491 1363 miserande
511 1311 602 1393 puer
617 1285 626 1365 l
656 1282 684 1362 fi
697 1310 773 1391 qua
784 1280 860 1361 fata
879 1280 1003 1391 aspera
1019 1307 1186 1391 rumpas,
1204 1296 1213 1309 '
1234 1358 1238 1365 .

172 1424 240 1503 Tu
251 1422 456 1503 Marcellus
469 1424 551 1504 eris.
584 1423 758 1503 manibus
777 1422 860 1502 date
877 1420 955 1502 lilia
974 1420 1119 1531 plenis:

173 1563 385 1674 Purpureos
403 1563 572 1672 spargam
591 1562 712 1662 flores,
728 1561 968 1672 animamque
981 1564 1125 1674 nepotis
1143 1602 1146 1606 ·

176 1702 251 1782 His
271 1702 400 1784 saltem
415 1688 656 1786 adcumulem
672 1703 791 1798 donis,
806 1719 843 1782 et
855 1702 989 1811 fungar
1006 1705 1108 1784 inani
1156 1704 1208 1786 88
1217 1730 1241 1815 ς

174 1840 350 1927 Munere.
366 1842 417 1924 src
429 1860 506 1925 tota
523 1844 656 1954 paffim
675 1843 823 1952 regione
843 1858 1022 1951 vagantur

169 1979 279 2090 Aiiris
297 1980 337 2060 in
358 1982 502 2091 campis
520 1981 614 2079 latis,
632 2000 744 2091 atque
760 1980 889 2061 omnia
902 1980 1070 2065 lustrant.

174 2118 283 2230 Qae
304 2122 503 2230 postquam
522 2120 704 2204 Anchises
716 2139 849 2202 natum
871 2146 936 2228 per
954 2117 1098 2227 sanguia
1112 2118 1238 2221 duria-³

174 2257 422 2368 Incenditque
444 2262 618 2341 animum
636 2260 759 2340 famae
775 2257 954 2339 venientis
970 2284 1098 2339 amore
1109 2297 1143 2363 3,
1231 2268 1238 2293 ‘

170 2396 277 2478 Exin
293 2397 391 2479 bella
406 2398 485 2479 viro
499 2418 683 2481 memorat
702 2426 797 2510 quae
814 2396 949 2478 deiude
962 2397 1135 2508 gerenda,
1158 2397 1245 2509 898

173 2540 448 2649 Laurentesque
466 2541 577 2622 docet
595 2541 766 2652 populos,
782 2539 991 2648 urbemque
1005 2539 1157 2636 Latini;

175 2680 227 2760 Et
240 2685 319 2789 quo
339 2708 533 2790 quemque
543 2683 660 2764 modo
672 2681 864 2791 fugiatque
879 2680 1047 2790 seratque
1064 2678 1244 2761 laborem.

236 2822 331 2900 Sunt
336 2823 507 2930 geminae
516 2822 646 2902 Somni
654 2839 804 2931 portae3
819 2846 981 2928 quarum
995 2817 1237 2903 alterafertur

176 2960 338 3061 Cornea,
353 2990 429 3072 qua
443 2963 536 3044 veris
554 2963 673 3046 facilis
690 2964 797 3043 datur
814 2961 934 3041 exitus
950 2958 1120 3057 umbris;

174 3102 308 3185 Altera
325 3106 498 3186 candenti
515 3104 679 3216 perfecta
699 3103 818 3185 nitens
836 3098 1063 3214 elephant03
1160 3102 1214 3214 89
1222 3131 1244 3215 5

178 3244 250 3323 Sed
270 3243 359 3325 salsa
376 3245 424 3325 ad
445 3245 595 3328 coelum
611 3245 767 3326 mittunt
785 3240 968 3325 insomnia
979 3241 1127 3326 Manes.

177 3383 251 3463 His
269 3384 320 3464 ibi
342 3403 428 3466 tum
446 3406 578 3469 natum
594 3384 776 3468 Anchises
794 3409 942 3495 unaque
959 3380 1144 3492 Sibyllam

177 3521 414 3634 Prosequitur
433 3525 554 3625 diois,
576 3543 755 3638 portaque
766 3524 904 3606 emittit
915 3522 1069 3606 eburna.
1269 3499 1272 3503 ⁴

178 3663 248 3746 Ille
261 3666 362 3747 viam
378 3667 474 3750 secat
491 3669 539 3749 ad
561 3696 685 3764 naves,
704 3666 891 3776 sociosque
909 3662 1041 3745 revifit.

178 3807 288 3888 Tum
305 3808 341 3889 se
358 3809 406 3919 ad
422 3812 577 3892 Caietae
595 3813 696 3891 resto
718 3808 789 3890 sert
807 3807 912 3889 litore
930 3821 1093 3914 portum.
1156 3815 1248 3914 '900

177 3944 357 4032 Anchora
371 3948 418 4031 de
439 3977 547 4062 prora
559 3949 724 4060 jacitur3
756 3947 852 4028 stant
868 3946 974 4026 litore
996 3966 1155 4052 puppes.

499 4359 504 4365 ·
667 4368 746 4483 r3
1055 4361 1102 4442 Ρ.
1129 4356 1265 4440 vrn-
