2872 5176
151 383 153 388 ’
231 388 333 512 352·
431 356 1102 458 P.V1u01n11M'rnonrs

227 569 277 651 In
293 580 451 678 partem,
497 593 594 675 quae
615 565 716 677 peste
733 583 845 662 caret,
872 579 959 645 tum
976 562 1141 674 pondere
1160 560 1278 644 turrit

228 702 438 789 Procubuit
452 701 585 803 subito,
618 723 656 785 et
676 704 827 785 coelum
845 720 948 784 tonat
968 730 1084 784 omne
1100 700 1262 812 fragore.
1311 800 1314 811 Ι

230 843 444 926 Semineces
460 842 509 923 ad
526 861 676 944 terram,
707 843 866 924 immani
884 841 987 923 mole
1003 842 1137 942 secuta,
1214 864 1305 956 542

231 981 462 1089 eonfixique
476 981 548 1064 suis
562 984 657 1080 telis,
688 1001 726 1063 et
742 986 892 1094 pectora
906 981 1003 1063 duro

233 1121 442 1206 Transfoffi
461 1123 576 1231 ligno,
605 1125 772 1206 veniunt.
803 1124 868 1203 vix
888 1151 984 1203 unus
1001 1120 1184 1219 Helenor,

232 1261 289 1347 Et
307 1265 435 1372 Lycus
449 1261 579 1375 elapfi:
612 1293 776 1373 quorum
795 1265 1006 1372 primaevus
1024 1262 1207 1361 Helenor,
1218 1286 1279 1375 54
1284 1287 1313 1375 ς

219 1403 419 1487 ‘Maeonio
437 1405 514 1513 regi
535 1404 759 1515 quemserva
776 1404 977 1512 Licymnia
991 1403 1126 1484 furtim

237 1543 453 1643 sustulerat,
484 1547 676 1656 vetitisque
689 1547 736 1626 ad
757 1545 914 1653 Trojam
926 1544 1073 1625 miserat
1083 1542 1210 1642 armis,

237 1683 337 1766 Ense
355 1682 444 1765 levis
461 1685 578 1784 nudo,
610 1713 814 1795 parmaque
835 1683 1013 1791 inglorius
1029 1684 1125 1766 alba.

238 1821 351 1931 Isque
362 1823 428 1903 ubi
447 1823 485 1905 se
503 1825 627 1906 Turni
646 1824 771 1903 media
785 1824 879 1904 inter
897 1821 1017 1901 millia
1033 1822 1125 1902 vidit
1135 1862 1149 1920 3
1234 1871 1238 1876 -

240 1961 350 2043 Hinc
367 1959 475 2057 acies,
506 1977 617 2069 atque
632 1961 721 2042 hinc
740 1962 835 2042 acies
849 1959 988 2041 adstare
1007 1963 1176 2046 Latinasz
1219 1988 1250 2073 -ς
1259 1989 1319 2073 50

185 2094 190 2105 ’
239 2101 298 2181 Ut
308 2098 398 2201 fera,
429 2126 540 2210 quae,
568 2102 678 2183 densa
690 2121 895 2184 venantum
911 2100 1011 2213 septa
1025 2129 1176 2201 corona,
1320 2208 1323 2213 Ι

241 2239 387 2322 Contra
404 2239 477 2321 tela
491 2239 594 2340 furit,
626 2242 772 2353 seseque
786 2242 889 2323 haud
908 2239 1161 2323 nescia'morti

244 2382 384 2492 injicit,
415 2401 454 2463 et
473 2382 567 2464 saltu
579 2383 686 2495 supra
702 2383 885 2465 venabula
896 2384 1034 2464 fertur:

243 2521 363 2602 Haud
378 2519 483 2602 aliter
493 2523 641 2631 juvenis
658 2524 802 2605 medios
827 2524 1029 2606 moriturus
1043 2524 1082 2603 in
1100 2518 1226 2603 hostes

244 2660 380 2759 Irruit3
412 2680 462 2762 et,
492 2690 568 2772 qua
588 2664 659 2744 tela
678 2666 777 2745 videt
797 2663 1016 2760 denfiffima,
1045 2662 1175 2745 tendit.
1229 2692 1285 2777 55
1295 2693 1322 2775 ς

247 2801 304 2882 At
315 2800 472 2911 pedibus
486 2801 596 2912 longe
608 2805 742 2884 melior
756 2806 883 2914 Lycus
896 2805 990 2884 inter
1008 2821 1047 2886 et
1063 2802 1200 2901 hostes,

246 2943 352 3024 Inter
369 2961 407 3023 et
424 2971 540 3041 arma,
556 2945 646 3052 fu'ga
664 2974 791 3026 muros
810 2965 934 3043 tenet3
967 2945 1113 3054 altaque
1127 2963 1244 3026 certat

248 3081 435 3163 Prendere
452 3083 549 3161 tetta
568 3112 698 3183 manu,
731 3085 948 3193 sociumque
967 3087 1144 3193 attingere
1162 3087 1328 3174 dextras.

250 3221 382 3328 an
400 3221 568 3317 TurnuS,
597 3226 732 3334 pariter
755 3227 861 3306 cursu
876 3225 1025 3335 teloque
1046 3227 1203 3323 secutus,

250 3361 423 3470 Increpat
436 3358 495 3439 his
508 3363 644 3444 vietor:
667 3364 850 3446 nostrasne
864 3365 1029 3464 evadere,
1049 3366 1215 3464 demens,
1235 3371 1328 3479 560

254 3499 412 3610 Sperasti
424 3516 461 3580 te
478 3501 578 3610 polle
593 3510 749 3586 manus?
783 3505 892 3586 srmul
913 3507 1039 3615 arripit
1054 3507 1177 3617 ipsum

255 3637 502 3739 Pendentem,
534 3661 571 3723 et
589 3673 725 3755 magna
743 3646 840 3726 muri
855 3674 945 3725 cum
960 3667 1060 3755 parte
1078 3647 1234 3730 revellit.

257 3780 391 3887 Qalis
411 3782 477 3863 ubi
493 3802 556 3867 aut
575 3784 755 3895 leporem,
785 3803 848 3866 aut
870 3787 1042 3868 candenti
1065 3815 1219 3900 corpore
1237 3815 1335 3899 cycf

441 3950 549 4022 num,

258 4054 413 4138 Sustulit
430 4061 502 4143 alta
519 4080 647 4172 petens
665 4066 821 4174 pedibus
836 4064 939 4173 Jovis
962 4069 1121 4179 armiger
1135 4065 1266 4150 uncis:

258 4199 478 4310 Qaefitutu
498 4222 561 4293 aut
578 4206 689 4291 matri
709 4207 838 4293 multis
863 4207 1044 4330 balatibus
1057 4240 1199 4329 agnum
1242 4212 1332 4325 565

1168 4351 1338 4437 Martius
