2872 5176
360 321 724 428 Aruernos}
757 331 888 433 Ltn.
921 337 1011 438 VI,
1160 373 1228 475 41

150 531 325 636 Vincere,
342 534 416 618 'nec
432 535 530 618 duro
549 536 687 645 poterin
704 536 915 623 convellere
931 536 1047 629 ferro.

150 672 342 757 Praeterea
353 674 453 784 jacet
474 675 698 758 exanimum
719 676 788 759 tibi
807 705 946 790 corpus
960 679 1094 788 amici,

151 818 268 900 Heu!
287 817 416 917 nescis,
430 831 626 929 totamque
637 816 790 902 incestat
805 818 937 905 funere
949 821 1123 923 claffcm3
1142 824 1232 942 150'

152 955 263 1044 Dum
280 957 447 1042 consulta
458 962 565 1072 petis,
583 959 784 1074 nostroque
800 961 841 1044 in
863 964 996 1048 limine
1018 966 1173 1080 pendes.

151 1103 308 1188 Sedibus
331 1101 435 1186 hunc
451 1102 548 1186 refer
564 1122 650 1188 ante
665 1101 753 1206 suis,
770 1121 810 1187 et
829 1105 950 1188 conde
964 1106 1147 1218 sepulcro.
1224 1142 1231 1153 ·

152 1243 242 1328 Duc
259 1244 381 1355 nigras
397 1244 583 1355 pecudes:
614 1272 659 1345 en
675 1244 799 1356 prima
812 1241 959 1355 piacula
972 1249 1095 1337 sunto.
1225 1315 1230 1323 .

154 1389 215 1471 Sic
231 1386 393 1471 demum
406 1385 511 1470 lucos
530 1388 690 1498 Stygios,
707 1414 823 1497 regna
838 1387 940 1471 invia
959 1389 1086 1495 vivis,
1219 1430 1225 1447 ·

152 1528 330 1641 Aspicies.
361 1528 469 1625 dixit,
490 1527 686 1639 pressoque
703 1527 896 1611 obmutuit
911 1557 991 1617 ore.
1125 1557 1227 1652 '155
1297 1552 1304 1569 “

20 1708 23 1713 ·
153 1671 312 1773 Aeneas,
338 1667 485 1751 moesto
513 1668 660 1752 defixus
680 1668 826 1750 lumina
837 1667 948 1752 vultu
1019 1669 1037 1744 Ἀ
1107 1678 1110 1685 “

152 1810 375 1923 ingreditur,
390 1808 564 1920 linquens
575 1826 740 1908 antrum,
750 1811 956 1922 caecosque
966 1812 1109 1897 volutat

153 1949 464 2034 Eventus'animo
478 1949 635 2035 secum:
661 1952 726 2035 cui
746 1950 844 2035 fidus
863 1952 1029 2040 Achates

66 2192 69 2197 .
154 2093 192 2175 It
207 2118 349 2188 comes,
373 2108 412 2173 et
432 2090 582 2201 paribus
612 2092 711 2172 curis
732 2091 884 2200 vestigia
902 2092 998 2202 figit.

152 2234 282 2317 Multa
298 2235 394 2330 inter
408 2231 480 2314 sese
498 2233 599 2312 vario
617 2230 788 2312 sermone
806 2216 998 2314 serebant:
1143 2235 1231 2321 160

153 2378 288 2484 Qem
323 2374 468 2456 socium
492 2372 711 2456 exanimem
727 2387 839 2474 vates,
866 2372 972 2483 quod
990 2397 1127 2486 corpur
1154 2370 1235 2470 lm·¹

339 2513 528 2596 mnndum
1058 2538 1063 2547 ’

154 2639 318 2725 Diceret.
349 2657 463 2748 atque
482 2638 537 2728 illi
556 2635 751 2722 Misenum
768 2639 808 2724 in
826 2637 933 2724 litore
948 2640 1061 2743 ficco,
1088 2706 1091 2711 .

154 2782 211 2864 Ut
228 2807 372 2876 venere,
391 2779 519 2860 vident
536 2779 688 2888 indigna
707 2799 829 2862 morte
845 2800 1112 2890 peremptum
1216 2826 1219 2831 .

154 2921 350 3006 Misenum
362 2919 573 3018 Aeoliden,
606 2949 683 3030 quo
699 2948 777 3002 non
798 2921 1038 3030 praestantior
1055 2919 1148 3002 alter
1200 3000 1203 3007 .

155 3065 255 3151 Aere
268 3063 366 3146 ciere
382 3063 495 3159 viros,
510 3059 753 3170 Martemque
770 3061 975 3143 accendere
993 3077 1120 3144 cantu.
1145 3061 1196 3149 16
1202 3085 1230 3171 ς

156 3184 332 3287 Hciioris
350 3201 414 3285 hic
429 3202 558 3312 magni
574 3199 695 3284 suerat
714 3228 866 3301 comem
886 3202 1055 3285 Hectora
1066 3201 1214 3284 circum

156 3345 208 3427 Et
225 3345 319 3427 lituo
341 3369 484 3453 pugnas
502 3341 651 3451 insignis
668 3340 797 3424 obibat
817 3358 856 3423 et
870 3339 986 3425 insin.

156 3487 365 3598 Postquam
378 3484 490 3567 illum
513 3484 632 3579 vicior
647 3484 724 3568 vita
743 3483 911 3595 spoliavit
930 3481 1126 3585 Achilles,¹

158 3629 351 3714 Dardanio
365 3629 516 3709 Aeneae
533 3625 605 3709 sese
628 3623 848 3710 fortiffimus
865 3623 976 3709 heros

157 3768 365 3851 Addiderat
381 3765 539 3867 socium,
561 3791 640 3849 non
660 3763 836 3847 inferiora
853 3764 1012 3852 secutus.
1153 3786 1234 3878 170

157 3908 233 3995 Sed
249 3925 348 4020 tum,
367 3905 463 4006 forte
477 3934 568 3992 cava
579 3905 675 3989 dum
693 3906 863 4019 personat
878 3932 1041 4018 aequora
1055 3901 1216 4006 concha,

158 4048 344 4150 Demens,
357 4066 396 4135 et
412 4067 525 4133 cantu
538 4068 647 4134 vocat
662 4051 702 4132 in
720 4049 925 4133 certamina
949 4049 1073 4149 divos,

159 4191 349 4311 Aemulus
364 4208 570 4310 exceptum
589 4193 742 4296 Triton,
762 4192 790 4280 fi
806 4191 957 4313 credere
970 4189 1132 4305 dignum
1137 4184 1222 4409 Ξῖ,

1184 4341 1239 4408 ier
