<?xml version="1.0" encoding="UTF-8"?>
<!DOCTYPE html PUBLIC "-//W3C//DTD XHTML 1.0 Transitional//EN"
    "http://www.w3.org/TR/xhtml1/DTD/xhtml1-transitional.dtd">
<html xmlns="http://www.w3.org/1999/xhtml" xml:lang="en" lang="en">
 <head>
  <title>
</title>
<meta http-equiv="Content-Type" content="text/html;charset=utf-8" />
  <meta name='ocr-system' content='tesseract 3.04.00' />
  <meta name='ocr-capabilities' content='ocr_page ocr_carea ocr_par ocr_line ocrx_word'/>
</head>
<body>
  <div class='ocr_page' id='page_1' title='image "./publiivirgiliim00schegoog/publiivirgiliim00schegoog_0072.png"; bbox 0 0 2872 5176; ppageno 0'>
   <div class='ocr_carea' id='block_1_1' title="bbox 165 388 1225 525">
    <p class='ocr_par' dir='ltr' id='par_1_1' title="bbox 165 388 1225 525">
     <span class='ocr_line' id='line_1_1' title="bbox 165 388 1225 525; baseline 0.001 -36"><span class='ocrx_word' id='word_1_1' title='bbox 165 430 168 434; x_wconf 90' lang='lat'>·</span> <span class='ocrx_word' id='word_1_2' title='bbox 350 388 1015 525; x_wconf 73' lang='lat' dir='ltr'><strong>Atuatu.os.&#39;Ltr.VI.</strong></span> <span class='ocrx_word' id='word_1_3' title='bbox 1158 427 1225 523; x_wconf 82' lang='lat'><strong>47</strong></span> 
     </span>
    </p>
   </div>
   <div class='ocr_carea' id='block_1_2' title="bbox 139 591 1327 4510">
    <p class='ocr_par' dir='ltr' id='par_1_2' title="bbox 139 591 1327 4510">
     <span class='ocr_line' id='line_1_2' title="bbox 139 591 1223 717; baseline -0.007 -33"><span class='ocrx_word' id='word_1_4' title='bbox 139 596 231 688; x_wconf 81' lang='lat' dir='ltr'><strong>Huc</strong></span> <span class='ocrx_word' id='word_1_5' title='bbox 251 597 377 684; x_wconf 85' lang='lat' dir='ltr'><strong>omnis</strong></span> <span class='ocrx_word' id='word_1_6' title='bbox 394 596 503 679; x_wconf 85' lang='lat' dir='ltr'><strong>turba</strong></span> <span class='ocrx_word' id='word_1_7' title='bbox 522 594 572 680; x_wconf 86' lang='lat' dir='ltr'><strong>ad</strong></span> <span class='ocrx_word' id='word_1_8' title='bbox 585 595 685 706; x_wconf 77' lang='lat' dir='ltr'><strong>ripn</strong></span> <span class='ocrx_word' id='word_1_9' title='bbox 709 591 825 677; x_wconf 86' lang='lat' dir='ltr'><strong>effusa</strong></span> <span class='ocrx_word' id='word_1_10' title='bbox 842 596 985 697; x_wconf 84' lang='lat' dir='ltr'><strong>ruebat,</strong></span> <span class='ocrx_word' id='word_1_11' title='bbox 1134 627 1223 717; x_wconf 74' lang='lat'><strong>305</strong></span> 
     </span>
     <span class='ocr_line' id='line_1_3' title="bbox 140 737 1078 851; baseline -0.002 -26"><span class='ocrx_word' id='word_1_12' title='bbox 140 747 299 842; x_wconf 81' lang='lat' dir='ltr'><strong>Matres,</strong></span> <span class='ocrx_word' id='word_1_13' title='bbox 318 758 435 851; x_wconf 85' lang='lat' dir='ltr'><strong>atque</strong></span> <span class='ocrx_word' id='word_1_14' title='bbox 451 738 533 840; x_wconf 79' lang='lat' dir='ltr'><strong>viri,</strong></span> <span class='ocrx_word' id='word_1_15' title='bbox 551 737 806 851; x_wconf 75' lang='lat' dir='ltr'><strong>defiunttaque</strong></span> <span class='ocrx_word' id='word_1_16' title='bbox 827 765 985 851; x_wconf 86' lang='lat' dir='ltr'><strong>corpora</strong></span> <span class='ocrx_word' id='word_1_17' title='bbox 1002 737 1078 823; x_wconf 84' lang='lat' dir='ltr'><strong>vita</strong></span> 
     </span>
     <span class='ocr_line' id='line_1_4' title="bbox 139 877 1213 996; baseline -0.001 -29"><span class='ocrx_word' id='word_1_18' title='bbox 139 878 440 996; x_wconf 83' lang='lat' dir='ltr'><strong>Magnanimum</strong></span> <span class='ocrx_word' id='word_1_19' title='bbox 454 877 630 977; x_wconf 86' lang='lat' dir='ltr'><strong>heroum,</strong></span> <span class='ocrx_word' id='word_1_20' title='bbox 644 877 765 989; x_wconf 86' lang='lat' dir='ltr'><strong>pueri,</strong></span> <span class='ocrx_word' id='word_1_21' title='bbox 783 877 1037 991; x_wconf 77' lang='lat' dir='ltr'>innuptaeque</span> <span class='ocrx_word' id='word_1_22' title='bbox 1050 879 1213 993; x_wconf 73' lang='lat' dir='ltr'><strong>puellae,</strong></span> 
     </span>
     <span class='ocr_line' id='line_1_5' title="bbox 141 1021 1093 1139; baseline 0 -30"><span class='ocrx_word' id='word_1_23' title='bbox 141 1023 386 1139; x_wconf 82' lang='lat' dir='ltr'><strong>lmpofitique</strong></span> <span class='ocrx_word' id='word_1_24' title='bbox 400 1021 501 1131; x_wconf 83' lang='lat' dir='ltr'><strong>rogis</strong></span> <span class='ocrx_word' id='word_1_25' title='bbox 511 1021 669 1129; x_wconf 71' lang='lat' dir='ltr'><strong>juvenes</strong></span> <span class='ocrx_word' id='word_1_26' title='bbox 685 1036 773 1101; x_wconf 85' lang='lat' dir='ltr'><strong>ante</strong></span> <span class='ocrx_word' id='word_1_27' title='bbox 785 1048 851 1123; x_wconf 85' lang='lat' dir='ltr'><strong>ora</strong></span> <span class='ocrx_word' id='word_1_28' title='bbox 869 1040 1093 1137; x_wconf 76' lang='lat' dir='ltr'><strong>ptrenmmt</strong></span> 
     </span>
     <span class='ocr_line' id='line_1_6' title="bbox 141 1162 1126 1279; baseline 0.004 -31"><span class='ocrx_word' id='word_1_29' title='bbox 141 1168 275 1279; x_wconf 72' lang='lat' dir='ltr'><strong>Quin</strong></span> <span class='ocrx_word' id='word_1_30' title='bbox 303 1165 427 1249; x_wconf 88' lang='lat' dir='ltr'><strong>multa</strong></span> <span class='ocrx_word' id='word_1_31' title='bbox 454 1165 496 1246; x_wconf 91' lang='lat' dir='ltr'><strong>in</strong></span> <span class='ocrx_word' id='word_1_32' title='bbox 514 1162 625 1275; x_wconf 85' lang='lat' dir='ltr'><strong>sylvia</strong></span> <span class='ocrx_word' id='word_1_33' title='bbox 641 1162 816 1246; x_wconf 87' lang='lat' dir='ltr'>autumni</span> <span class='ocrx_word' id='word_1_34' title='bbox 835 1163 975 1274; x_wconf 79' lang='lat' dir='ltr'>frigore</span> <span class='ocrx_word' id='word_1_35' title='bbox 997 1167 1126 1277; x_wconf 89' lang='lat' dir='ltr'><strong>primo</strong></span> 
     </span>
     <span class='ocr_line' id='line_1_7' title="bbox 141 1284 1226 1421; baseline 0 -29"><span class='ocrx_word' id='word_1_36' title='bbox 141 1309 263 1421; x_wconf 79' lang='lat' dir='ltr'><strong>Lapsa</strong></span> <span class='ocrx_word' id='word_1_37' title='bbox 273 1308 416 1390; x_wconf 83' lang='lat' dir='ltr'><strong>cudunt</strong></span> <span class='ocrx_word' id='word_1_38' title='bbox 428 1303 607 1405; x_wconf 63' lang='lat' dir='ltr'><strong>foliuaut</strong></span> <span class='ocrx_word' id='word_1_39' title='bbox 618 1303 668 1384; x_wconf 88' lang='lat' dir='ltr'><strong>ad</strong></span> <span class='ocrx_word' id='word_1_40' title='bbox 678 1284 973 1415; x_wconf 75' lang='lat' dir='ltr'><strong>terramgugite</strong></span> <span class='ocrx_word' id='word_1_41' title='bbox 983 1306 1033 1389; x_wconf 79' lang='lat' dir='ltr'><strong>ab</strong></span> <span class='ocrx_word' id='word_1_42' title='bbox 1045 1307 1121 1391; x_wconf 90' lang='lat' dir='ltr'><strong>alto</strong></span> <span class='ocrx_word' id='word_1_43' title='bbox 1136 1332 1226 1420; x_wconf 76' lang='lat'><strong>310</strong></span> 
     </span>
     <span class='ocr_line' id='line_1_8' title="bbox 142 1446 1327 1560; baseline 0.005 -29"><span class='ocrx_word' id='word_1_44' title='bbox 142 1448 275 1559; x_wconf 80' lang='lat' dir='ltr'><strong>Qum</strong></span> <span class='ocrx_word' id='word_1_45' title='bbox 291 1446 435 1531; x_wconf 81' lang='lat' dir='ltr'><strong>multae</strong></span> <span class='ocrx_word' id='word_1_46' title='bbox 455 1447 712 1556; x_wconf 83' lang='lat' dir='ltr'>glomerantur</span> <span class='ocrx_word' id='word_1_47' title='bbox 727 1473 825 1547; x_wconf 79' lang='lat' dir='ltr'><strong>aves,</strong></span> <span class='ocrx_word' id='word_1_48' title='bbox 847 1447 914 1529; x_wconf 92' lang='lat' dir='ltr'><strong>ubi</strong></span> <span class='ocrx_word' id='word_1_49' title='bbox 932 1446 1092 1560; x_wconf 83' lang='lat' dir='ltr'><strong>frigidus&#39;</strong></span> <span class='ocrx_word' id='word_1_50' title='bbox 1105 1467 1225 1537; x_wconf 69' lang='lat' dir='ltr'><strong>annul</strong></span> <span class='ocrx_word' id='word_1_51' title='bbox 1323 1453 1327 1460; x_wconf 78' lang='grc'><strong>’</strong></span> 
     </span>
     <span class='ocr_line' id='line_1_9' title="bbox 142 1587 1102 1703; baseline 0.008 -31"><span class='ocrx_word' id='word_1_52' title='bbox 142 1592 267 1674; x_wconf 86' lang='lat' dir='ltr'><strong>Trans</strong></span> <span class='ocrx_word' id='word_1_53' title='bbox 278 1605 443 1701; x_wconf 88' lang='lat' dir='ltr'><strong>pontum</strong></span> <span class='ocrx_word' id='word_1_54' title='bbox 460 1587 579 1698; x_wconf 84' lang='lat' dir='ltr'><strong>fugat,</strong></span> <span class='ocrx_word' id='word_1_55' title='bbox 594 1606 633 1670; x_wconf 92' lang='lat' dir='ltr'><strong>et</strong></span> <span class='ocrx_word' id='word_1_56' title='bbox 648 1589 753 1679; x_wconf 80' lang='lat' dir='ltr'><strong>tetris</strong></span> <span class='ocrx_word' id='word_1_57' title='bbox 770 1588 943 1671; x_wconf 83' lang='lat' dir='ltr'><strong>immittit</strong></span> <span class='ocrx_word' id='word_1_58' title='bbox 954 1592 1102 1703; x_wconf 63' lang='lat' dir='ltr'><strong>apricis.</strong></span> 
     </span>
     <span class='ocr_line' id='line_1_10' title="bbox 144 1728 1027 1843; baseline 0 -32"><span class='ocrx_word' id='word_1_59' title='bbox 144 1730 298 1814; x_wconf 81' lang='lat' dir='ltr'><strong>Stabant</strong></span> <span class='ocrx_word' id='word_1_60' title='bbox 314 1747 461 1813; x_wconf 83' lang='lat' dir='ltr'><strong>orantes</strong></span> <span class='ocrx_word' id='word_1_61' title='bbox 473 1729 590 1843; x_wconf 87' lang='lat' dir='ltr'><strong>primi</strong></span> <span class='ocrx_word' id='word_1_62' title='bbox 603 1728 847 1813; x_wconf 70' lang='lat' dir='ltr'><strong>transmittere</strong></span> <span class='ocrx_word' id='word_1_63' title='bbox 861 1729 1027 1842; x_wconf 83' lang='lat' dir='ltr'><strong>cursum,</strong></span> 
     </span>
     <span class='ocr_line' id='line_1_11' title="bbox 143 1870 1103 1985; baseline 0.005 -30"><span class='ocrx_word' id='word_1_64' title='bbox 143 1870 448 1984; x_wconf 85' lang='lat' dir='ltr'><strong>Tendebantque</strong></span> <span class='ocrx_word' id='word_1_65' title='bbox 476 1901 613 1958; x_wconf 77' lang='lat' dir='ltr'><strong>manus</strong></span> <span class='ocrx_word' id='word_1_66' title='bbox 632 1873 737 1985; x_wconf 80' lang='lat' dir='ltr'><strong>ripae</strong></span> <span class='ocrx_word' id='word_1_67' title='bbox 759 1872 942 1957; x_wconf 80' lang='lat' dir='ltr'><strong>ulterioris</strong></span> <span class='ocrx_word' id='word_1_68' title='bbox 958 1903 1103 1960; x_wconf 84' lang='lat' dir='ltr'><strong>amore.</strong></span> 
     </span>
     <span class='ocr_line' id='line_1_12' title="bbox 143 2014 1221 2135; baseline 0.006 -38"><span class='ocrx_word' id='word_1_69' title='bbox 143 2014 284 2098; x_wconf 80' lang='lat' dir='ltr'><strong>Navita</strong></span> <span class='ocrx_word' id='word_1_70' title='bbox 302 2016 367 2099; x_wconf 80' lang='lat' dir='ltr'><strong>sed</strong></span> <span class='ocrx_word' id='word_1_71' title='bbox 379 2016 491 2099; x_wconf 77' lang='lat' dir='ltr'><strong>tristia</strong></span> <span class='ocrx_word' id='word_1_72' title='bbox 519 2045 623 2099; x_wconf 92' lang='lat' dir='ltr'><strong>nunc</strong></span> <span class='ocrx_word' id='word_1_73' title='bbox 642 2015 725 2118; x_wconf 81' lang='lat' dir='ltr'><strong>hos,</strong></span> <span class='ocrx_word' id='word_1_74' title='bbox 739 2046 843 2101; x_wconf 86' lang='lat' dir='ltr'><strong>nunc</strong></span> <span class='ocrx_word' id='word_1_75' title='bbox 854 2020 991 2129; x_wconf 89' lang='lat' dir='ltr'><strong>accipit</strong></span> <span class='ocrx_word' id='word_1_76' title='bbox 1006 2018 1092 2101; x_wconf 86' lang='lat' dir='ltr'><strong>illos</strong></span> <span class='ocrx_word' id='word_1_77' title='bbox 1105 2058 1119 2120; x_wconf 79' lang='lat' dir='ltr'><strong>t</strong></span> <span class='ocrx_word' id='word_1_78' title='bbox 1134 2042 1221 2135; x_wconf 80' lang='lat'><strong>315</strong></span> 
     </span>
     <span class='ocr_line' id='line_1_13' title="bbox 143 2156 1146 2267; baseline 0.001 -27"><span class='ocrx_word' id='word_1_79' title='bbox 143 2158 216 2240; x_wconf 84' lang='lat' dir='ltr'><strong>Ast</strong></span> <span class='ocrx_word' id='word_1_80' title='bbox 232 2156 326 2239; x_wconf 85' lang='lat' dir='ltr'><strong>alios</strong></span> <span class='ocrx_word' id='word_1_81' title='bbox 342 2157 456 2266; x_wconf 86' lang='lat' dir='ltr'><strong>longe</strong></span> <span class='ocrx_word' id='word_1_82' title='bbox 472 2157 684 2239; x_wconf 79' lang='lat' dir='ltr'><strong>summotos</strong></span> <span class='ocrx_word' id='word_1_83' title='bbox 710 2174 812 2238; x_wconf 85' lang='lat' dir='ltr'><strong>arcet</strong></span> <span class='ocrx_word' id='word_1_84' title='bbox 826 2185 950 2243; x_wconf 82' lang='lat' dir='ltr'><strong>arena.</strong></span> <span class='ocrx_word' id='word_1_85' title='bbox 1138 2258 1146 2267; x_wconf 24' lang='lat'><em>⁶</em></span> 
     </span>
     <span class='ocr_line' id='line_1_14' title="bbox 139 2296 1025 2405; baseline 0.002 -29"><span class='ocrx_word' id='word_1_86' title='bbox 139 2302 303 2395; x_wconf 83' lang='lat' dir='ltr'><strong>Aeneas,</strong></span> <span class='ocrx_word' id='word_1_87' title='bbox 325 2297 481 2377; x_wconf 79' lang='lat' dir='ltr'><strong>miratus</strong></span> <span class='ocrx_word' id='word_1_88' title='bbox 499 2299 617 2398; x_wconf 88' lang='lat' dir='ltr'><strong>enim,</strong></span> <span class='ocrx_word' id='word_1_89' title='bbox 631 2298 833 2405; x_wconf 85' lang='lat' dir='ltr'><strong>motusque</strong></span> <span class='ocrx_word' id='word_1_90' title='bbox 845 2296 1025 2405; x_wconf 85' lang='lat' dir='ltr'><strong>tumultu,</strong></span> 
     </span>
     <span class='ocr_line' id='line_1_15' title="bbox 142 2435 1206 2548; baseline 0.005 -28"><span class='ocrx_word' id='word_1_91' title='bbox 142 2439 233 2543; x_wconf 87' lang='lat' dir='ltr'><strong>Dic,</strong></span> <span class='ocrx_word' id='word_1_92' title='bbox 252 2436 316 2537; x_wconf 87' lang='lat' dir='ltr'><strong>ait,</strong></span> <span class='ocrx_word' id='word_1_93' title='bbox 336 2464 363 2518; x_wconf 90' lang='grc' dir='ltr'>ο</span> <span class='ocrx_word' id='word_1_94' title='bbox 381 2435 501 2548; x_wconf 86' lang='lat' dir='ltr'><strong>virgo,</strong></span> <span class='ocrx_word' id='word_1_95' title='bbox 522 2435 617 2547; x_wconf 91' lang='lat' dir='ltr'><strong>quid</strong></span> <span class='ocrx_word' id='word_1_96' title='bbox 634 2435 716 2519; x_wconf 87' lang='lat' dir='ltr'><strong>vult</strong></span> <span class='ocrx_word' id='word_1_97' title='bbox 731 2436 940 2545; x_wconf 63' lang='lat' dir='ltr'><strong>concursus</strong></span> <span class='ocrx_word' id='word_1_98' title='bbox 957 2438 1005 2519; x_wconf 87' lang='lat' dir='ltr'><strong>ad</strong></span> <span class='ocrx_word' id='word_1_99' title='bbox 1019 2444 1206 2525; x_wconf 72' lang='lat' dir='ltr'><strong>munem?</strong></span> 
     </span>
     <span class='ocr_line' id='line_1_16' title="bbox 141 2575 1183 2692; baseline 0.005 -34"><span class='ocrx_word' id='word_1_100' title='bbox 141 2578 295 2678; x_wconf 84' lang='lat' dir='ltr'><strong>Quidve</strong></span> <span class='ocrx_word' id='word_1_101' title='bbox 311 2593 446 2688; x_wconf 84' lang='lat' dir='ltr'><strong>petunt</strong></span> <span class='ocrx_word' id='word_1_102' title='bbox 462 2577 639 2662; x_wconf 78' lang='lat' dir='ltr'><strong>animae?</strong></span> <span class='ocrx_word' id='word_1_103' title='bbox 666 2575 728 2659; x_wconf 83' lang='lat' dir='ltr'><strong>vel</strong></span> <span class='ocrx_word' id='word_1_104' title='bbox 746 2606 826 2690; x_wconf 92' lang='lat' dir='ltr'><strong>quo</strong></span> <span class='ocrx_word' id='word_1_105' title='bbox 852 2578 1067 2662; x_wconf 85' lang='lat' dir='ltr'><strong>discrimine</strong></span> <span class='ocrx_word' id='word_1_106' title='bbox 1084 2580 1183 2692; x_wconf 79' lang='lat' dir='ltr'><strong>ripas</strong></span> 
     </span>
     <span class='ocr_line' id='line_1_17' title="bbox 143 2716 1221 2833; baseline 0.007 -32"><span class='ocrx_word' id='word_1_107' title='bbox 143 2718 232 2801; x_wconf 82' lang='lat' dir='ltr'><strong>Hae</strong></span> <span class='ocrx_word' id='word_1_108' title='bbox 247 2716 446 2826; x_wconf 90' lang='lat' dir='ltr'><strong>linquunt,</strong></span> <span class='ocrx_word' id='word_1_109' title='bbox 463 2716 549 2800; x_wconf 87' lang='lat' dir='ltr'><strong>illae</strong></span> <span class='ocrx_word' id='word_1_110' title='bbox 567 2716 681 2800; x_wconf 83' lang='lat' dir='ltr'><strong>remis</strong></span> <span class='ocrx_word' id='word_1_111' title='bbox 698 2718 912 2801; x_wconf 75' lang='lat' dir='ltr'><strong>vadalivida</strong></span> <span class='ocrx_word' id='word_1_112' title='bbox 928 2726 1109 2804; x_wconf 75' lang='lat' dir='ltr'><strong>vernant?</strong></span> <span class='ocrx_word' id='word_1_113' title='bbox 1134 2750 1221 2833; x_wconf 80' lang='lat'><strong>320</strong></span> 
     </span>
     <span class='ocr_line' id='line_1_18' title="bbox 144 2858 1213 2970; baseline -0.001 -28"><span class='ocrx_word' id='word_1_114' title='bbox 144 2859 224 2942; x_wconf 92' lang='lat' dir='ltr'><strong>Olli</strong></span> <span class='ocrx_word' id='word_1_115' title='bbox 241 2859 293 2941; x_wconf 87' lang='lat' dir='ltr'><strong>fic</strong></span> <span class='ocrx_word' id='word_1_116' title='bbox 307 2858 467 2940; x_wconf 85' lang='lat' dir='ltr'><strong>breviter</strong></span> <span class='ocrx_word' id='word_1_117' title='bbox 483 2860 560 2943; x_wconf 77' lang='lat' dir='ltr'><strong>fata</strong></span> <span class='ocrx_word' id='word_1_118' title='bbox 574 2862 633 2942; x_wconf 84' lang='lat' dir='ltr'><strong>est</strong></span> <span class='ocrx_word' id='word_1_119' title='bbox 650 2861 831 2970; x_wconf 83' lang='lat' dir='ltr'><strong>longaeva</strong></span> <span class='ocrx_word' id='word_1_120' title='bbox 847 2861 1037 2947; x_wconf 83' lang='lat' dir='ltr'><strong>sacerdos:</strong></span> <span class='ocrx_word' id='word_1_121' title='bbox 1211 2936 1213 2941; x_wconf 86' lang='lat'><em>.</em></span> 
     </span>
     <span class='ocr_line' id='line_1_19' title="bbox 143 2999 1301 3125; baseline -0.002 -40"><span class='ocrx_word' id='word_1_122' title='bbox 143 2999 311 3085; x_wconf 84' lang='lat' dir='ltr'><strong>Anchisa</strong></span> <span class='ocrx_word' id='word_1_123' title='bbox 327 3021 511 3112; x_wconf 78' lang='lat' dir='ltr'><strong>gmerate,</strong></span> <span class='ocrx_word' id='word_1_124' title='bbox 528 3004 646 3086; x_wconf 89' lang='lat' dir='ltr'><strong>deum</strong></span> <span class='ocrx_word' id='word_1_125' title='bbox 658 2999 858 3087; x_wconf 56' lang='lat' dir='ltr'><strong>emma</strong></span> <span class='ocrx_word' id='word_1_126' title='bbox 874 3003 1010 3113; x_wconf 81' lang='lat' dir='ltr'><strong>proles,</strong></span> <span class='ocrx_word' id='word_1_127' title='bbox 1283 3110 1301 3125; x_wconf 30' lang='grc' dir='ltr'>ἱ</span> 
     </span>
     <span class='ocr_line' id='line_1_20' title="bbox 143 3144 1133 3256; baseline 0.007 -31"><span class='ocrx_word' id='word_1_128' title='bbox 143 3145 280 3252; x_wconf 86' lang='lat' dir='ltr'><strong>Cocyti</strong></span> <span class='ocrx_word' id='word_1_129' title='bbox 296 3144 425 3253; x_wconf 74' lang='lat' dir='ltr'><strong>lingna</strong></span> <span class='ocrx_word' id='word_1_130' title='bbox 448 3146 524 3226; x_wconf 88' lang='lat' dir='ltr'><strong>alta</strong></span> <span class='ocrx_word' id='word_1_131' title='bbox 540 3146 654 3245; x_wconf 83' lang='lat' dir='ltr'><strong>vides,</strong></span> <span class='ocrx_word' id='word_1_132' title='bbox 673 3146 919 3255; x_wconf 87' lang='lat' dir='ltr'><strong>Stygiamque</strong></span> <span class='ocrx_word' id='word_1_133' title='bbox 936 3147 1133 3256; x_wconf 83' lang='lat' dir='ltr'><strong>paludem,</strong></span> 
     </span>
     <span class='ocr_line' id='line_1_21' title="bbox 144 3264 1036 3398; baseline 0.009 -30"><span class='ocrx_word' id='word_1_134' title='bbox 144 3286 200 3368; x_wconf 92' lang='lat' dir='ltr'><strong>Di</strong></span> <span class='ocrx_word' id='word_1_135' title='bbox 226 3264 333 3398; x_wconf 81' lang='lat' dir='ltr'>cujus</span> <span class='ocrx_word' id='word_1_136' title='bbox 348 3288 473 3397; x_wconf 87' lang='lat' dir='ltr'><strong>jurare</strong></span> <span class='ocrx_word' id='word_1_137' title='bbox 490 3289 639 3386; x_wconf 87' lang='lat' dir='ltr'><strong>timent,</strong></span> <span class='ocrx_word' id='word_1_138' title='bbox 665 3305 707 3375; x_wconf 71' lang='lat' dir='ltr'><strong>,et</strong></span> <span class='ocrx_word' id='word_1_139' title='bbox 733 3287 861 3370; x_wconf 80' lang='lat' dir='ltr'><strong>fallere</strong></span> <span class='ocrx_word' id='word_1_140' title='bbox 877 3318 1036 3376; x_wconf 87' lang='lat' dir='ltr'><strong>numen.</strong></span> 
     </span>
     <span class='ocr_line' id='line_1_22' title="bbox 145 3426 1227 3547; baseline 0.006 -34"><span class='ocrx_word' id='word_1_141' title='bbox 145 3426 256 3513; x_wconf 81' lang='lat' dir='ltr'><strong>Haec</strong></span> <span class='ocrx_word' id='word_1_142' title='bbox 281 3430 422 3528; x_wconf 82' lang='lat' dir='ltr'><strong>omnis,</strong></span> <span class='ocrx_word' id='word_1_143' title='bbox 443 3457 563 3541; x_wconf 87' lang='lat' dir='ltr'><strong>quam</strong></span> <span class='ocrx_word' id='word_1_144' title='bbox 576 3431 710 3535; x_wconf 81' lang='lat' dir='ltr'><strong>uernis,</strong></span> <span class='ocrx_word' id='word_1_145' title='bbox 726 3429 836 3543; x_wconf 77' lang='lat' dir='ltr'><strong>inope</strong></span> <span class='ocrx_word' id='word_1_146' title='bbox 853 3429 1126 3547; x_wconf 81' lang='lat' dir='ltr'><strong>inhumataque</strong></span> <span class='ocrx_word' id='word_1_147' title='bbox 1145 3451 1227 3519; x_wconf 88' lang='lat' dir='ltr'><strong>tur·</strong></span> 
     </span>
     <span class='ocr_line' id='line_1_23' title="bbox 335 3568 1223 3690; baseline 0.014 -40"><span class='ocrx_word' id='word_1_148' title='bbox 335 3568 387 3651; x_wconf 85' lang='lat' dir='ltr'><strong>ba</strong></span> <span class='ocrx_word' id='word_1_149' title='bbox 408 3568 490 3656; x_wconf 73' lang='lat' dir='ltr'><strong>este</strong></span> <span class='ocrx_word' id='word_1_150' title='bbox 1122 3636 1126 3641; x_wconf 93' lang='lat'><em>-</em></span> <span class='ocrx_word' id='word_1_151' title='bbox 1135 3606 1189 3687; x_wconf 81' lang='lat'><strong>32</strong></span> <span class='ocrx_word' id='word_1_152' title='bbox 1197 3604 1223 3690; x_wconf 82' lang='lat'><em>5</em></span> 
     </span>
     <span class='ocr_line' id='line_1_24' title="bbox 148 3705 1257 3833; baseline 0.006 -42"><span class='ocrx_word' id='word_1_153' title='bbox 148 3706 310 3793; x_wconf 89' lang='lat' dir='ltr'><strong>Portitor</strong></span> <span class='ocrx_word' id='word_1_154' title='bbox 326 3709 403 3812; x_wconf 86' lang='lat' dir='ltr'><strong>ille,</strong></span> <span class='ocrx_word' id='word_1_155' title='bbox 419 3705 595 3798; x_wconf 79' lang='lat' dir='ltr'><strong>charon:</strong></span> <span class='ocrx_word' id='word_1_156' title='bbox 626 3710 682 3813; x_wconf 92' lang='lat' dir='ltr'><strong>hi,</strong></span> <span class='ocrx_word' id='word_1_157' title='bbox 699 3738 797 3827; x_wconf 83' lang='lat' dir='ltr'><strong>quos</strong></span> <span class='ocrx_word' id='word_1_158' title='bbox 822 3712 927 3799; x_wconf 83' lang='lat' dir='ltr'><strong>vehit</strong></span> <span class='ocrx_word' id='word_1_159' title='bbox 946 3717 1061 3819; x_wconf 89' lang='lat' dir='ltr'><strong>unda,</strong></span> <span class='ocrx_word' id='word_1_160' title='bbox 1079 3716 1225 3833; x_wconf 86' lang='lat' dir='ltr'><strong>sepulti.</strong></span> <span class='ocrx_word' id='word_1_161' title='bbox 1254 3790 1257 3797; x_wconf 93' lang='lat'>.</span> 
     </span>
     <span class='ocr_line' id='line_1_25' title="bbox 148 3840 1064 3963; baseline 0.012 -33"><span class='ocrx_word' id='word_1_162' title='bbox 148 3840 236 3931; x_wconf 85' lang='lat' dir='ltr'><strong>Nec</strong></span> <span class='ocrx_word' id='word_1_163' title='bbox 261 3850 358 3963; x_wconf 84' lang='lat' dir='ltr'><strong>ripas</strong></span> <span class='ocrx_word' id='word_1_164' title='bbox 375 3852 485 3937; x_wconf 88' lang='lat' dir='ltr'><strong>datur</strong></span> <span class='ocrx_word' id='word_1_165' title='bbox 505 3852 709 3940; x_wconf 83' lang='lat' dir='ltr'><strong>horrendas</strong></span> <span class='ocrx_word' id='word_1_166' title='bbox 731 3871 771 3939; x_wconf 87' lang='lat' dir='ltr'><strong>et</strong></span> <span class='ocrx_word' id='word_1_167' title='bbox 794 3884 904 3939; x_wconf 86' lang='lat' dir='ltr'><strong>rauca</strong></span> <span class='ocrx_word' id='word_1_168' title='bbox 919 3856 1064 3961; x_wconf 19' lang='lat' dir='ltr'><strong>&#39;fluenta</strong></span> 
     </span>
     <span class='ocr_line' id='line_1_26' title="bbox 148 3990 1176 4112; baseline 0.018 -43"><span class='ocrx_word' id='word_1_169' title='bbox 148 3990 417 4102; x_wconf 76' lang='lat' dir='ltr'><strong>Transportare</strong></span> <span class='ocrx_word' id='word_1_170' title='bbox 434 3996 550 4106; x_wconf 76' lang='lat' dir='ltr'><strong>prius,</strong></span> <span class='ocrx_word' id='word_1_171' title='bbox 582 4027 701 4109; x_wconf 87' lang='lat' dir='ltr'><strong>quam</strong></span> <span class='ocrx_word' id='word_1_172' title='bbox 728 3999 875 4082; x_wconf 83' lang='lat' dir='ltr'><strong>sedibus</strong></span> <span class='ocrx_word' id='word_1_173' title='bbox 895 3997 971 4084; x_wconf 76' lang='lat' dir='ltr'><strong>orsa</strong></span> <span class='ocrx_word' id='word_1_174' title='bbox 986 4001 1176 4112; x_wconf 83' lang='lat' dir='ltr'><strong>quierunt.</strong></span> 
     </span>
     <span class='ocr_line' id='line_1_27' title="bbox 147 4130 1228 4254; baseline 0.018 -44"><span class='ocrx_word' id='word_1_175' title='bbox 147 4130 318 4215; x_wconf 88' lang='lat' dir='ltr'><strong>Centum</strong></span> <span class='ocrx_word' id='word_1_176' title='bbox 332 4153 455 4219; x_wconf 86' lang='lat' dir='ltr'><strong>errant</strong></span> <span class='ocrx_word' id='word_1_177' title='bbox 466 4166 596 4238; x_wconf 86' lang='lat' dir='ltr'><strong>annos,</strong></span> <span class='ocrx_word' id='word_1_178' title='bbox 603 4139 834 4254; x_wconf 86' lang='lat' dir='ltr'><strong>volitantque</strong></span> <span class='ocrx_word' id='word_1_179' title='bbox 847 4141 942 4224; x_wconf 89' lang='lat' dir='ltr'><strong>haec</strong></span> <span class='ocrx_word' id='word_1_180' title='bbox 952 4141 1059 4226; x_wconf 87' lang='lat' dir='ltr'><strong>litora</strong></span> <span class='ocrx_word' id='word_1_181' title='bbox 1067 4143 1228 4229; x_wconf 85' lang='lat' dir='ltr'><strong>circum.</strong></span> 
     </span>
     <span class='ocr_line' id='line_1_28' title="bbox 149 4268 1234 4413; baseline 0.012 -59"><span class='ocrx_word' id='word_1_182' title='bbox 149 4268 260 4357; x_wconf 88' lang='lat' dir='ltr'><strong>Turn</strong></span> <span class='ocrx_word' id='word_1_183' title='bbox 276 4274 597 4371; x_wconf 82' lang='lat' dir='ltr'><strong>demumadmiffi</strong></span> <span class='ocrx_word' id='word_1_184' title='bbox 613 4281 742 4395; x_wconf 78' lang='lat' dir='ltr'><strong>stagna</strong></span> <span class='ocrx_word' id='word_1_185' title='bbox 758 4302 933 4397; x_wconf 81' lang='lat' dir='ltr'><strong>exoptata</strong></span> <span class='ocrx_word' id='word_1_186' title='bbox 946 4285 1123 4379; x_wconf 67' lang='lat' dir='ltr'><strong>revisunt,</strong></span> <span class='ocrx_word' id='word_1_187' title='bbox 1142 4312 1234 4413; x_wconf 60' lang='lat'><strong>332</strong></span> 
     </span>
     <span class='ocr_line' id='line_1_29' title="bbox 1046 4421 1226 4510; baseline -0.017 0"><span class='ocrx_word' id='word_1_188' title='bbox 1046 4421 1226 4510; x_wconf 78' lang='lat' dir='ltr'><strong>Constitit</strong></span> 
     </span>
    </p>
   </div>
   <div class='ocr_carea' id='block_1_3' title="bbox 0 0 1459 5176">
    <p class='ocr_par' dir='ltr' id='par_1_3' title="bbox 0 0 1459 5176">
     <span class='ocr_line' id='line_1_30' title="bbox 0 0 1459 5176; baseline 0 0"><span class='ocrx_word' id='word_1_189' title='bbox 0 0 1459 5176; x_wconf 95' lang='lat' dir='ltr'><strong> </strong></span> 
     </span>
    </p>
   </div>
  </div>
 </body>
</html>
