2872 5176
409 385 776 482 ‘Aaurtnoa
812 383 923 538 Lra.
948 373 1005 478 V.
1228 393 1274 516 '3

205 582 314 666 eafa
331 559 436 678 nm
468 580 640 662 soetosrn
657 598 808 660 comm
822 576 928 661 litore
944 578 993 659 ab
1009 581 1143 662 omn·

205 725 379 806 Advocat
396 724 534 820 Aneas,
554 720 766 830 tumulique
783 748 832 802 ex
850 748 981 830 aggere
997 720 1115 806 fatur:

204 863 441 946 Dardanidae
453 863 594 972 magni,
607 888 723 970 genus
739 860 814 941 alto
832 861 1041 970 asanguine
1049 862 1192 965 divum,
1213 891 1240 973 4
1245 891 1269 976 ς

205 1005 369 1084 Annuus
384 1002 522 1083 exaclis
544 983 754 1111 completur
768 999 961 1087 mensibus
976 1002 1099 1101 orbim
1193 1021 1195 1025 ⁴
1233 1111 1238 1118 ι

159 1172 165 1177 ·
206 1144 268 1224 Ex
288 1172 367 1253 quo
382 1143 568 1252 relliquias
594 1142 786 1250 divinique
812 1138 887 1222 olla
903 1144 1062 1251 parentis

203 1282 461 1363 Condidimus
483 1300 590 1380 terra,
619 1280 849 1390 moestasque
869 1279 1089 1364 sacravimus
1107 1298 1197 1369 aras.

205 1422 369 1530 Jamque
381 1424 472 1523 dies,
485 1425 532 1504 ni
543 1421 664 1521 fallor,
675 1421 790 1520 adest,
805 1445 922 1530 quem
932 1422 1278 1534 semperacerbum,'

174 1611 177 1618 ·
207 1563 620 1673 Semper=honoratum,
639 1564 689 1643 stc
708 1564 748 1644 di
762 1562 942 1662 voluistis,
961 1563 1123 1650 habebo.
1141 1609 1147 1623 ·
1217 1596 1275 1679 50
1383 1637 1386 1647 .

206 1700 326 1782 Hunc
343 1730 415 1812 ego
428 1705 765 1814 Gaetuliaagerem
784 1702 812 1782 sa
832 1702 987 1810 syrtibus
1004 1706 1106 1805 exul,

205 1842 430 1950 Argolicove
445 1844 541 1924 mari
552 1842 764 1955 deprensus,
779 1859 817 1923 et
833 1842 925 1924 urbe
942 1836 1153 1953 Mycenae:

206 1981 347 2062 Annua
364 2001 450 2064 vota
463 2001 603 2082 tamen,
621 1981 875 2092 solemnesque
893 1984 1024 2066 ordine
1039 1996 1199 2097 pompae

206 2121 450 2232 Exsequerer,
471 2124 726 2234 strueremque
745 2125 817 2204 suis
833 2123 958 2206 altaria
974 2125 1094 2209 donis.

204 2261 246 2341 N
250 2291 325 2345 unc
342 2264 442 2344 ultro
456 2265 505 2344 ad
521 2264 661 2346 cineres
677 2258 790 2374 ipsius
809 2281 847 2344 et
863 2262 938 2343 offa
956 2267 1126 2375 patentis,
1189 2258 1193 2265 ’
1219 2271 1273 2378 5‘3

208 2402 326 2483 Haud
334 2401 596 2512 equidemfine
604 2420 850 2501 mente,reor‚
864 2400 1105 2485 finenumine
1113 2395 1259 2510 divum,

209 2541 414 2646 Adsumus,
430 2560 468 2623 et
483 2560 611 2653 portus
628 2542 739 2624 delati
756 2543 936 2624 intramus
952 2545 1107 2629 amicos.
1243 2536 1250 2567 ⁷

207 2685 311 2791 Ergo
325 2684 434 2793 agite,
453 2702 491 2764 et
505 2681 645 2765 laetum
658 2682 783 2765 cundi
794 2681 1023 2767 celebremur
1037 2654 1246 2772 honoremt

166 2825 174 2835 “
208 2825 409 2907 Poscamus
426 2844 570 2925 ventos,
596 2821 709 2935 atque
727 2823 820 2906 haec
837 2852 902 2905 me
924 2826 1028 2907 saera·
1040 2846 1135 2936 quot
1154 2818 1260 2910 annia

209 2968 315 3051 Urbe
329 2963 417 3048 velit
430 2966 545 3076 posita
564 2964 714 3076 templis
728 2964 793 3045 libi
812 2964 908 3045 forre
924 2965 1066 3050 dicatio.
1203 2974 1279 3054 ‘do

210 3100 303 3185 Bina
323 3083 442 3186 boum
459 3106 565 3187 vobis
580 3106 697 3216 Troja
714 3122 906 3213 generante
924 3103 1078 3187 Acestes

178 3317 183 3324 .
211 3246 290 3326 Dat
307 3272 467 3326 numero
484 3246 605 3356 capita
629 3245 670 3326 in
690 3268 823 3326 naves:
854 3241 1029 3325 adhibete
1040 3246 1197 3326 Penates

212 3385 412 3495 Et··patrioo
432 3384 565 3496 epulis,
576 3403 623 3466 'et
641 3406 736 3495 quos
755 3382 845 3466 colit
864 3382 996 3495 hospes
1010 3385 1175 3470 Acestes.

212 3523 414 3623 Praeterea,
436 3525 464 3606 fi
484 3552 583 3606 nona
596 3526 699 3607 diem
717 3524 938 3607 mortalibuo
951 3525 1100 3608 almum
1191 3508 1197 3526 ⁸

212 3666 360 3746 Aurora
373 3664 557 3764 extulerit,
576 3667 757 3776 rediimue
774 3664 1101 3763 aeternitatum,
1212 3666 1279 3777 ’ὃς

213 3802 341 3884 Prima
359 3805 454 3886 citae
468 3806 625 3887 Teucria
637 3833 778 3916 ponam
796 3807 997 3886 certamina
1012 3803 1140 3886 classis.
1231 3912 1236 3919 Ι

178 4008 183 4015 .
214 3945 367 4052 Quique
385 3946 527 4055 pedum
547 3948 654 4028 cursu
671 3946 780 4044 valet,
793 3966 831 4028 et
850 3947 916 4055 qui
933 3946 1072 4027 viribus
1088 3942 1222 4044 audax,
1390 4023 1397 4035 ,

215 4083 299 4160 Aut
311 4084 436 4192 jaculo
453 4086 593 4167 incedit
610 4086 758 4186 molior,
784 4086 999 4196 levibusque
1016 4085 1151 4195 sagittis
1159 4080 1186 4181 ς’
1272 4078 1275 4084 ’

216 4222 290 4304 Seu
311 4223 430 4309 crudo
448 4224 531 4311 sidit
553 4246 722 4338 pugnam
737 4225 1139 4326 committere'caestu·;

707 4368 739 4483 Β
773 4396 795 4454 2
1157 4360 1299 4445 Cundli
