2872 5176
254 343 350 445 108
442 339 496 437 P.
527 336 794 433 Vrnornrr
828 333 1109 435 Mauortis
1205 352 1210 364 “

243 550 297 633 Et
313 572 429 644 urae,
445 539 550 652 quod
565 540 687 651 supra,
705 553 866 637 teneant,
883 540 1063 649 quodque
1079 540 1185 624 alluit
1204 541 1317 631 infra.

244 686 405 796 Accipe,
423 682 548 791 daque
563 677 693 760 fidem.
712 676 796 759 sunt
814 678 921 757 nobis
939 677 1049 759 sortia
1061 679 1162 798 bello
1229 713 1313 797 ¹50

244 828 415 922 Pectora,
445 820 529 903 sunt
544 817 677 917 anistri,
707 834 746 899 et
764 818 877 898 rebus·
889 816 1049 927 spectata
1062 820 1252 927 juventus.

224 976 229 986 '
308 965 467 1051 Dixerat
480 962 648 1042 Aeneas:
677 957 803 1042 illeos
819 956 1022 1067 oculosque
1038 958 1225 1070 loquentis

245 1104 499 1218 Jamdudum,
519 1119 557 1181 et
567 1118 693 1181 totum
706 1098 880 1179 lustrabat
892 1097 1036 1180 lumine
1049 1128 1198 1213 corpus.
1268 1214 1274 1223 .

245 1248 361 1331 Tunc
378 1242 428 1324 lic
447 1267 566 1350 pauca
584 1239 713 1363 refert:
746 1253 789 1318 ut
810 1256 860 1333 te,
877 1237 1073 1321 fortiffme
1087 1242 1298 1343 Teucrum,

218 1436 226 1447 ·
244 1384 421 1494 Accipio,
438 1352 671 1489 agnoscoque
682 1377 819 1458 libens!
852 1394 894 1457 ut
907 1377 1032 1478 verba,
1049 1383 1207 1490 parentis
1223 1411 1313 1498 ,155

245 1526 299 1608 Et
317 1549 452 1604 vocem
472 1517 657 1599 Anchisae
671 1518 813 1625 magni,
844 1517 1068 1630 vultumque
1083 1527 1283 1608 recordor!

247 1666 357 1749 Nam
370 1658 530 1741 memini
547 1657 731 1739 Hesiones
741 1657 921 1739 visentem
933 1687 1047 1768 regna
1063 1661 1195 1746 sororis

244 1799 593 1893 Laomedontiaden
613 1800 824 1896 Priamum,
858 1798 1046 1881 Salamina
1063 1821 1266 1911 petentem,

246 1945 429 2027 Protenus
448 1938 630 2022 Arcadiae
645 1938 785 2047 gelidos
801 1937 953 2018 invisere
964 1935 1067 2024 fines.

247 2085 359 2165 Tum
372 2078 470 2161 mihi
489 2079 610 2190 prima
626 2108 739 2190 genas
752 2076 906 2161 vestibat
923 2077 1015 2161 flore
1026 2083 1179 2189 juventa
1187 2127 1200 2186 ;
1229 2093 1314 2175 160

218 2312 224 2323 ,
247 2221 493 2330 Mirabarque
506 2219 622 2301 duces
630 2220 813 2316 Teucros,
831 2218 992 2301 mirabar
1005 2238 1043 2302 et
1059 2223 1186 2333 ipsum

248 2360 617 2451 Laomedontiaden:
648 2360 710 2441 sed
727 2361 871 2440 cunsiis
887 2360 994 2441 altior
1010 2362 1089 2445 ibat

248 2500 445 2584 Anchises.
475 2498 573 2579 mihi
590 2527 698 2579 mens
708 2499 872 2606 juvenali
888 2501 1038 2582 ardebat
1054 2531 1182 2588 amore

249 2638 490 2751 Compellare
502 2639 640 2736 virum,
670 2655 709 2717 et
725 2637 874 2718 dextrae
893 2640 1117 2748 conjungere
1132 2645 1314 2731 dextram.

249 2781 411 2879 Acccffi,
424 2799 462 2863 et
474 2780 633 2891 cupidus
643 2776 786 2860 Phenei
798 2777 865 2859 sub
883 2780 1147 2869 moeniaduxi.
1232 2794 1281 2871 16
1290 2820 1314 2899 ς

250 2923 322 3007 Ille
342 2922 440 3005 mihi
463 2921 646 3030 insignem
664 2920 889 3031 pharetram,
910 2923 1117 3031 Lyciasque
1129 2924 1285 3033 sagittas,

250 3064 468 3158 Discedens,
495 3059 812 3168 chlamydemque
832 3087 923 3143 auto
949 3061 1050 3142 dedit
1067 3063 1317 3167 intertextam,

251 3204 447 3313 Frenaque
461 3200 562 3297 bina,
571 3227 678 3282 meus
693 3226 789 3309 quae
802 3226 903 3282 nunc
914 3196 1170 3299 hahet,aurea,
1184 3208 1316 3293 Pallas.

20 3412 24 3419 .
77 3426 85 3439 ,
251 3346 357 3453 Ergo
366 3359 416 3440 ct,
425 3369 541 3450 quam
554 3339 886 3450 petitis,jundlaest
898 3338 994 3419 mihi
1007 3341 1155 3426 foedere
1169 3346 1315 3433 dextra:

251 3485 317 3580 Et,
333 3479 400 3563 lux
417 3507 509 3560 cum
520 3478 688 3590 primum
703 3478 807 3559 terris
819 3477 854 3558 se
866 3477 1020 3561 crastina
1031 3483 1172 3583 reddet,
1238 3515 1316 3603 170

255 3623 412 3706 Auxilio
423 3622 536 3705 laetos
554 3621 755 3718 dimittam,
785 3620 989 3730 opibusque
998 3624 1150 3730 juvabo.

254 3767 400 3853 Interea
416 3764 513 3844 sacra
526 3760 632 3858 haec,
654 3759 804 3869 quando
821 3759 898 3842 huc
915 3762 1062 3844 venistis
1075 3768 1202 3868 amici,

256 3908 409 4001 Annua,
439 3931 535 4013 quae
553 3900 699 3982 differre
717 3900 831 3997 nefas,
862 3899 1041 3983 celebrate
1052 3905 1218 3990 faventes

255 4043 482 4141 Nobiscum,
500 4041 623 4149 etjam
641 4069 740 4120 nunc
751 4041 935 4122 sociorum
948 4043 1131 4129 assuescite
1144 4052 1291 4133 mensis.

258 4184 367 4269 Haec
380 4184 448 4273 ubi
464 4182 577 4283 dieta,
594 4180 706 4292 dapes
714 4180 822 4303 juhet
836 4200 873 4272 et
889 4181 1030 4304 sublata
1039 4188 1171 4301 reponi
1236 4219 1288 4304 ¹7
1295 4217 1319 4301 5

1040 4414 1044 4423 ,
1124 4329 1321 4435 roem,
