2872 5176
270 304 373 409 266
461 300 516 399 Ρ.
550 300 821 396 V1norn11
854 300 1130 404 Manours

268 506 419 592 Italiam
429 503 537 621 petiit
548 505 632 585 fatis
648 503 880 588 auctoribus:
909 503 1010 593 estur

268 648 489 732 Cassandrae
507 646 688 759 impulsus
704 648 821 735 furiis.
853 676 952 729 num
963 647 1133 759 linquere
1149 651 1274 737 castra

269 791 424 875 Hortari
436 790 576 887 sumus,
607 808 672 871 aut
685 790 802 871 vitam
819 790 1057 873 committere
1071 794 1218 879 ventis?

269 930 386 1018 Num
398 960 515 1043 puero
528 931 717 1013 summam
728 929 831 1029 belli,
844 958 939 1013 num
951 932 1101 1015 credere
1111 939 1265 1021 muros?
1280 962 1348 1051 70

267 1074 560 1192 <Tyrrhenarum
572 1074 702 1172 fidem,
734 1093 800 1157 aut
812 1092 939 1185 gentes
957 1075 1096 1185 agitare
1113 1078 1282 1187 quens?

270 1216 369 1326 Qis
386 1216 477 1298 deus
496 1215 537 1296 in
553 1215 740 1312 fraudem,
771 1243 868 1325 quae
886 1214 980 1296 dura
996 1218 1162 1326 potentia
1178 1216 1309 1303 nostra

268 1355 388 1464 Egit?
420 1357 486 1437 ubi
499 1356 563 1437 hic
578 1357 693 1463 Juno,
715 1354 913 1439 demissave
930 1356 1094 1439 nubibus
1110 1358 1202 1443 Isin

128 1566 138 1582 ,
270 1492 482 1602 lndignum
499 1495 567 1595 est,
600 1493 711 1576 Italos
725 1496 884 1603 Trojam
895 1494 1128 1579 circumdare
1145 1495 1317 1583 flammir

268 1629 514 1751 Nascentem,
547 1655 586 1718 et
604 1638 723 1748 patria
736 1638 916 1720 Turnum
934 1638 1130 1723 consrstere
1148 1657 1266 1742 terra3
1281 1669 1312 1758 7
1316 1666 1346 1758 ς
1385 1700 1388 1705 -

149 1783 155 1791 '
269 1774 348 1857 cui
367 1777 565 1859 Pilumnus
584 1806 687 1882 avus,
718 1777 781 1858 cui
797 1778 882 1859 diva
901 1777 1050 1860 Venilia
1069 1798 1201 1867 mater.

269 1915 380 2017 Quid
396 1916 670 2026 saceTrojanos
681 1935 757 1998 atra
774 1910 855 2000 vim
872 1919 967 1999 serre
978 1918 1148 2004 Latinis?

267 2050 377 2145 'Arva
388 2057 508 2141 aliena
515 2057 612 2167 jugo
627 2086 808 2169 premere,
830 2076 942 2167 atque
955 2079 1116 2151 avertere
1137 2061 1315 2171 praedas?

268 2197 380 2306 Qid
398 2197 540 2280 soceros
558 2196 692 2308 legere,
722 2216 760 2279 et
773 2199 924 2309 gremiis
938 2199 1124 2281 abducere
1138 2204 1287 2310 pastas?

269 2339 412 2425 Pacem
426 2367 529 2422 orare
544 2368 673 2441 manu,
702 2339 902 2452 praefigere
923 2341 1111 2451 puppibus
1128 2370 1233 2425 arma
1247 2348 1263 2428 i
1276 2344 1347 2435 ,80

271 2482 342 2563 Tu
358 2499 464 2596 potes
480 2485 637 2565 Aenean
650 2484 824 2565 manibus
841 2483 1045 2566 subducere
1056 2485 1233 2583 Graium,

269 2619 424 2731 Proque
438 2622 518 2703 viro
535 2624 715 2704 nebulam
728 2642 765 2704 et
782 2638 911 2703 ventos
928 2625 1129 2705 obtendere
1143 2624 1268 2709 inanes
1276 2664 1292 2725 3

270 2763 325 2846 Et
336 2778 441 2873 potes
452 2763 492 2842 in
511 2762 667 2842 totidem
680 2761 828 2843 claffem
841 2782 1053 2844 convertere
1066 2761 1279 2874 nymphas:

271 2902 359 2988 Nos
371 2905 513 3015 aliquid
527 2905 690 2986 Rutulos
704 2924 832 2986 contra
844 2903 988 3010 juvisse,
1004 2904 1211 2986 nefandum
1221 2907 1291 2993 est.

273 3045 421 3124 Aeneas
435 3045 582 3152 ignarus
599 3043 718 3124 abest:
752 3043 899 3149 ignarus
918 3062 954 3123 et
974 3043 1077 3127 absrt.
1284 3047 1308 3129 8
1316 3078 1341 3158 5

272 3183 343 3268 Est
354 3182 516 3295 Paphos,
533 3183 768 3292 Idaliumque
781 3184 862 3279 tibi,
893 3183 979 3264 sunt
995 3182 1068 3264 alta
1086 3183 1271 3293 Cythera:

272 3324 382 3428 Qud
395 3324 586 3430 gravidam
600 3323 705 3404 bellis
725 3326 857 3403 urbem
875 3342 912 3402 er
930 3324 1042 3403 corda
1063 3325 1186 3434 aspera
1200 3335 1345 3415 tentas?

274 3463 406 3548 Nosne
419 3463 487 3543 tibi
503 3461 620 3542 fluxas
633 3461 816 3570 Phrygiae
838 3490 894 3542 res
912 3482 1050 3543 vertere
1063 3461 1184 3545 fundo

275 3606 492 3686 Conamur?
524 3606 613 3684 nos?
645 3630 693 3682 an
711 3600 863 3684 miseros
881 3602 947 3710 qui
961 3603 1081 3684 Troas
1092 3600 1251 3686 Achivis

273 3742 447 3853 Objecit?
481 3767 574 3848 quae
592 3740 697 3822 causa
709 3739 781 3820 suit
798 3741 1016 3848 consurgere
1030 3739 1069 3820 in
1084 3769 1188 3822 anna
1282 3773 1344 3854 90

274 3886 545 3994 Europamque
559 3881 775 3991 Asiamque,
807 3900 845 3961 et
861 3880 1010 3963 foedera
1028 3882 1166 3966 solvere
1182 3880 1314 3973 furto?

273 4023 346 4110 Me
357 4024 453 4104 duce
467 4021 677 4103 Dardanius
691 4025 860 4132 Spartam
870 4024 1096 4132 expugnavit
1106 4022 1280 4115 adulter?

272 4167 355 4289 Aut
368 4189 438 4276 ego
453 4160 525 4245 tela
541 4161 641 4264 dedi,
671 4161 795 4245 fovive
805 4161 981 4277 cupidine
1001 4161 1126 4282 beliar

1222 4303 1347 4391 Tunc
