2872 5176
271 372 338 482 86
496 385 549 481 Ρ.
588 366 856 483 Vtrbrtrt
891 375 1168 481 Mrnoms

270 582 363 693 Jam
380 580 548 669 mediam·
565 586 671 697 'nigra
688 585 860 698 carpebat
880 588 990 668 noete
1015 588 1194 696 quietem.

269 720 407 803 Alecto
420 736 566 807 tortam
583 726 719 809 faeiem
737 740 774 807 et
784 724 930 808 firtialia‘
944 718 1116 809 membra
1245 755 1300 839 4r
1308 758 1333 844 ς

270 861 409 945 Exuit:
441 867 481 946 in
495 850 618 965 v'uitbs
637 866 709 949 sese
726 866 962 948 transformat
976 866 1101 967 aniles,

269 986 324 1084 Et
339 1003 504 1088 frontem
523 1007 747 1088 'obscoenam
759 1007 858 1116 rugis
872 1022 960 1090 arat.
993 1007 1116 1088 induit
1132 987 1238 1088 aibos

269 1144 376 1225 Cum
387 1146 478 1226 vitta
495 1147 636 1246 trine53
668 1161 751 1226 tum
764 1170 915 1225 ramum
930 1144 1083 1225 innectit
1095 1142 1227 1227 olivae·

271 1287 336 1368 Fit
353 1284 537 1395 Chalybe,
568 1288 726 1395 Ju'nonis
743 1314 834 1368 anus
853 1284 1059 1396 templique
1072 1284 1263 1385 facerd0s3

268 1425 322 1506 Et
332 1426 462 1534 juveni
479 1438 564 1507 'ante
582 1425 709 1507 o‘culos
727 1424 786 1508 his
806 1426 840 1507 se
862 1455 953 1508 cum
971 1419 1124 1508 vocibus
1141 1424 1272 1508 offert:

263 1564 414 1664 Turne,
444 1577 500 1644 tet
518 1554 696 1647 ineassum
711 1564 809 1647 fusos
822 1567 957 1676 patiere
973 1565 1127 1664 labores,
1240 1578 1326 1673 4²⁸¹

265 1685 320 1785 Et
332 1718 397 1786 tu'a
414 1689 611 1787 Dardaniie
629 1706 816 1787 transcribi
835 1706 975 1813 sceptra
993 1704 1162 1789 colonis?

263 1843 354 1924 Rex
367 1840 435 1920 tibi
454 1844 670 1951 conjugium
692 1860 729 1922 et
745 1840 920 1951 quaefitas
932 1842 1106 1949 sanguine
1128 1841 1231 1921 dotes

261 1977 455 2092 ¹Abnegat,
482 1983 726 2092 externusque
746 1983 786 2062 in
802 2008 962 2090 regnum
975 1978 1162 2090 quaeritur
1175 1977 1315 2063 haeres.

263 2121 422 2220 Inunc,
452 2120 602 2230 ingratis
621 2121 713 2203 offer
732 2141 781 2222 te,
813 2112 924 2217 irrise,
954 2118 1119 2231 periclis:
1239 2146 1296 2226 42
1304 2142 1330 2231 5

265 2254 495 2368 Tyrrhenas,
526 2256 552 2357 i,
585 2257 705 2340 sterne
724 2258 842 2339 acies:
874 2275 957 2365 tege
975 2274 1065 2366 pace
1085 2256 1250 2339 Latinos.

264 2390 376 2480 Haec
394 2397 486 2479 adeo
499 2397 568 2477 tibi
588 2422 665 2494 rne,
678 2417 685 2426 ’
698 2396 843 2508 placida
861 2422 951 2476 cum
969 2398 1078 2476 noete
1086 2395 1240 2503 jaceres,

262 2518 348 2644 ipsa
364 2533 489 2643 palam
505 2534 575 2614 fari
595 2536 832 2643 omnipotens
847 2534 1013 2614 Saturnia
1025 2530 1139 2641 juffit.

263 2674 396 2781 Qare
413 2701 494 2783 age,
524 2692 562 2755 et
577 2674 712 2757 armari
730 2673 872 2783 pubem
892 2673 1078 2783 portisque
1096 2671 1238 2754 moveri

264 2816 404 2900 Laetus
428 2815 467 2896 in
492 2838 596 2897 arma
614 2841 722 2923 para3
772 2815 811 2895 bc
832 2812 1028 2922 Phrygios,
1082 2813 1149 2921 qui
1170 2811 1329 2898 flumine

447 2952 608 3063 pulchro
1237 2981 1263 3058 4
1270 2983 1326 3062 30

264 3083 502 3188 Consedere„
521 3090 645 3186 duces,
674 3090 862 3200 pietasque
876 3106 989 3171 exure
1010 3089 1162 3173 carinas.

263 3230 481 3312 Coelestum
495 3231 549 3310 vis
567 3257 702 3339 magna
714 3232 833 3339 jubet.
864 3258 930 3311 rex
948 3222 1023 3338 ipse
1038 3230 1205 3330 Latinus,

262 3368 322 3451 Ni
340 3368 425 3448 dar'e
438 3368 655 3477 conjugium
674 3389 711 3450 et
728 3370 829 3449 dieto
847 3394 971 3479 parere
988 3368 1135 3467 fatetur,

263 3504 416 3605 Sentiat,
443 3522 481 3587 et
494 3507 647 3588 tandem
665 3510 844 3588 Turnum
858 3506 1066 3617 experiatur
1084 3507 1121 3587 in
1141 3509 1263 3592 armis.

264 3646 343 3731 Hic
351 3648 509 3756 juvenis,
541 3665 665 3729 vatem
682 3648 848 3744 irridens,
878 3646 928 3729 fic
946 3643 1024 3726 orsa
1041 3645 1198 3727 viciffim
1238 3677 1291 3763 43
1300 3678 1325 3764 5

262 3790 343 3867 'Ore
356 3785 484 3867 refertz
517 3785 640 3867 claffes
659 3787 818 3867 invectas
828 3778 1007 3893 Tybridis
1025 3783 1142 3884 alten,

261 3928 369 4022 Non,
403 3943 447 4005 ut
462 3950 553 4019 rere,
584 3952 685 4005 meas
698 3918 830 4033 effugit
842 3922 1002 4005 nuncius
1014 3949 1131 4005 aures.

261 4063 306 4148 N
307 4082 328 4142 e
345 4076 464 4143 tantos
481 4061 577 4141 mihi
591 4062 691 4171 finge
708 4080 850 4146 metus:
871 4080 952 4145 'nec
969 4055 1188 4176 regia'Jurro

159 4258 162 4263 -
260 4205 469 4290 Immemor
486 4198 540 4285 est
564 4200 689 4289 nostri.
1103 4233 1105 4239 ·

1253 4337 1326 4421 Sed
