2872 5176
432 353 749 447 Anuurnos
785 344 992 465 LrnX,
1107 348 1205 475 167

141 566 255 645 Tunc
272 554 398 639 decuit
417 550 587 637 metuisse
604 549 694 636 tuis:
726 576 829 633 nunc
847 550 924 634 sera
941 548 1101 662 querelis

141 697 259 782 Haud
270 693 378 806 justis
398 691 567 802 assurgis:
598 704 636 769 et
653 689 753 770 irrita
768 690 890 799 jurgia
901 689 1031 798 jadias.
1150 718 1176 802 9
1183 716 1208 807 ς

141 841 301 925 Talibus
313 837 441 919 orabat
459 837 574 943 Juno,
605 833 806 943 cunctique
816 832 1027 916 fremebant

142 980 353 1066 Coelicolae
373 976 511 1060 assensu
524 975 645 1059 vario:
673 1003 745 1058 ceu
758 974 910 1058 flamina
927 979 1051 1089 primu

143 1129 246 1208 Cum
260 1121 439 1234 deprensa
449 1118 618 1202 fremunt
635 1119 745 1219 srlvis,
774 1136 812 1200 et
830 1147 941 1202 caeca
952 1122 1121 1204 volutant

142 1263 362 1358 Murmura,
393 1276 567 1339 venturos
580 1257 700 1339 nautis
712 1256 905 1369 prodentia
920 1278 1063 1349 ventos.

204 1407 313 1485 Tum
328 1419 432 1514 pater
447 1402 702 1513 omnipotens,
745 1429 872 1486 rerum
891 1405 954 1485 cui
971 1407 1119 1491 summa
1141 1428 1214 1516 po·

328 1540 451 1637 testae,
1130 1572 1214 1636 100

146 1679 247 1762 insit.
273 1706 321 1760 eo
345 1679 504 1776 dicente,
538 1678 656 1760 deum
668 1678 804 1761 domus
813 1679 885 1762 alta
904 1680 1046 1787 silescit,

144 1824 196 1902 Et
213 1819 429 1901 tremefada
455 1819 533 1900 solo
544 1818 652 1901 tellus
664 1858 676 1918 3
707 1818 788 1900 srlet
799 1821 936 1905 arduus
946 1826 1097 1914 aether:

145 1962 256 2042 Tum
270 1961 426 2072 zephyri
438 1960 610 2071 posuere:
643 1960 779 2070 premit
789 1959 935 2073 placida
945 1994 1107 2080 aequora
1121 1974 1219 2082 pon-⁴

331 2119 402 2183 tus.

148 2243 320 2352 Accipite
332 2269 434 2350 ergo,
451 2240 586 2321 animis
597 2258 708 2350 atque
724 2239 817 2325 haec
830 2272 917 2326 mea
930 2244 1033 2357 figite
1045 2251 1158 2337 dieta.
1288 2343 1294 2353 ,

149 2378 474 2488 Quandoquidem
485 2378 671 2460 Ausonios
684 2383 860 2494 conjungi
872 2384 1022 2469 foedere
1032 2391 1193 2474 Teucris

149 2521 267 2603 Haud
286 2518 433 2601 licitum
447 2519 513 2617 est,
545 2548 615 2601 nec
628 2521 747 2603 vestra
763 2526 863 2636 capit
882 2527 1062 2611 discordia
1079 2530 1219 2616 finem:
1250 2599 1254 2607 ,

150 2666 259 2775 Qae
273 2661 410 2770 cuique
427 2661 481 2743 est
495 2661 644 2743 fortuna
661 2660 788 2764 hodie,
820 2694 936 2777 quam
951 2670 1108 2783 quisque
1126 2673 1223 2757 secat

150 2790 153 2797 ⁵
334 2800 452 2911 spem,
1013 2826 1021 2841 ’
1134 2842 1219 2930 107

149 2946 250 3025 Tros
269 2941 478 3022 Rutulusve
497 2939 591 3036 fuat,
623 2939 729 3022 nullo
747 2942 958 3028 discrimine
977 2945 1160 3063 habebo.⁸

155 3089 229 3168 Seu
248 3084 331 3164 fatis
350 3081 488 3164 Italum
507 3083 623 3163 castra
641 3083 831 3166 obsrdione
844 3104 1028 3190 tenentur,

154 3230 238 3309 Sive
267 3254 389 3308 errore
407 3225 510 3308 malo
527 3227 677 3334 Trojae,
709 3226 932 3338 monitisque
947 3230 1110 3316 finistis.
1136 3261 1221 3320 110

152 3369 241 3449 Nec
255 3367 418 3448 Rutulos
430 3365 543 3449 solv0.
576 3366 639 3447 sua
653 3367 790 3476 cuique
805 3368 931 3448 exorsa
949 3369 1118 3454 laborem

154 3509 438 3615 Fortunamque
449 3504 580 3587 ferent.
608 3534 673 3586 rex
692 3508 838 3617 Jupiter
849 3509 1026 3590 omnibus
1044 3511 1162 3597 idem.

153 3652 247 3732 Fata
260 3650 361 3729 viam
377 3648 577 3731 invenient.
610 3649 725 3757 stygii
741 3676 806 3758 per
818 3647 977 3732 flumina
989 3650 1123 3752 fratris,

155 3790 228 3871 Per
240 3790 321 3899 pice
336 3808 514 3871 torrentes
526 3808 676 3898 atraque
688 3789 860 3899 voragine
873 3792 984 3901 ripas,
1128 3903 1132 3909 ι

157 3931 318 4028 Annuit,
348 3946 523 4012 ettotnm
540 3948 636 4011 nutu
654 3929 862 4012 tremefecit
874 3931 1101 4047 Olympum.
1150 3960 1225 4050 115

157 4070 237 4152 Hic
254 4070 339 4153 finis
357 4070 473 4154 sandi.
500 4069 591 4154 solio
607 4090 692 4153 tum
703 4073 850 4183 Jupiter
870 4100 983 4157 aureo

159 4212 298 4328 Surgit,
317 4212 517 4301 coelicolae
531 4215 705 4301 medium
722 4242 841 4324 quem
860 4215 907 4298 ad
926 4215 1058 4300 limina
1074 4215 1231 4298 ducunt.

707 4354 822 4468 M4
1085 4355 1232 4439 Interea
