2872 5176
175 397 215 510 4
376 369 1046 468 P.<v11‹ere11Mau0u1s
1089 424 1092 431 ·

54 580 57 585 '
179 571 319 652 cunni
328 572 457 671 a'dfint,
467 574 695 683 meritaeque
708 575 905 682 expectent
913 573 1076 685 praemia
1084 572 1252 685 palmae·

181 709 259 790 Ore
277 710 396 793 favete
411 740 555 810 omncs,
574 730 612 793 et
628 730 798 822 tempora
810 713 948 823 cingite
966 713 1090 797 ramis.
1193 730 1247 830 7'1

179 844 242 964 Sic
255 848 364 946 fatus,
382 848 478 930 velat
499 868 666 930 materna
678 869 847 959 tempora
863 871 1000 961 myrto.
1137 960 1140 968 Ι

178 987 270 1069 Hoc
289 987 478 1096 Helymus
495 989 597 1087 fucit,
616 987 691 1075 hoc
707 990 789 1071 aevi
807 1008 973 1072 maturus
991 991 1159 1088 Acesten·
1227 1018 1242 1033 ··

177 1124 271 1207 Hoc
289 1154 381 1236 puer
397 1127 600 1210 Ascanius:
629 1127 794 1237 sequitur
818 1157 914 1237 quos
931 1148 1074 1212 caetera
1083 1128 1218 1241 pubes.
1241 1136 1243 1140 ’

29 1355 35 1362 ,
178 1264 249 1346 llle
269 1265 469 1345 econcilio
492 1267 622 1347 multis
637 1294 731 1347 cum
745 1265 910 1348 millibus
928 1269 1005 1349 ibat
1167 1289 1248 1381 275

178 1404 245 1505 Ad
262 1405 469 1503 tumulum,
488 1435 627 1515 magna
657 1409 803 1489 medius
819 1408 1021 1493 comitante
1038 1424 1207 1491 caterva..
1227 1427 1244 1510 ᾗ

177 1543 260 1627 Hic
277 1522 353 1624 dud
366 1546 434 1626 rite
459 1574 566 1630 mero
592 1547 710 1628 libans
727 1524 915 1628 'carchesra
940 1542 1091 1629 Baccho
1262 1559 1265 1565 '

175 1684 318 1769 Fundit
330 1684 454 1784 bruni,
475 1686 554 1767 duo
568 1686 662 1767 lade
679 1716 790 1783 novo,
817 1688 894 1768 duo
909 1687 1087 1796 sangiune
1100 1686 1225 1775 samo:

175 1824 460 1934 Purpureesque
474 1827 565 1932 jacit
585 1826 703 1924 fldres,
726 1855 769 1907 ac
792 1826 878 1906 talia
896 1826 1015 1909 fatur:

178 1966 299 2066 Salve,
313 1968 591 2077 sancteparenq
611 1969 746 2049 iterum
758 2009 771 2066 ;
797 1966 940 2066 salvete,
961 1971 1100 2078 recepti
1190 1967 1247 2054 80

65 2108 69 2115 ’
175 2108 448 2218 Nequicquam
472 2108 631 2208 cineres,
660 2108 894 2218 animeque,
920 2107 1149 2218 umbraeque
1180 2136 1250 2222 pa·

194 2298 200 2305 ·
358 2263 494 2333 ternae.

174 2387 271 2468 Non
285 2385 389 2467 licuit
405 2385 496 2469 fines
508 2385 631 2484 Italos,
649 2385 847 2497 fataliaque
869 2414 965 2487 arva,

175 2527 265 2609 Nec
278 2544 405 2607 tecum
423 2526 649 2622 Ausonium,
669 2527 884 2638 quicunque
901 2527 969 2627 est,
978 2553 1151 2636 quaerere
1163 2527 1250 2638 ‘ryc-

360 2665 474 2750 brim.

171 2807 331 2904 Dixerat
348 2806 454 2911 haec,
476 2806 596 2916 adytis
612 2833 703 2888 curn
724 2804 889 2888 lubricus
902 2807 1032 2915 anguis
1046 2806 1095 2888 ab
1115 2805 1202 2889 imis

173 2950 327 3058 Septem
345 2947 474 3054 ingens
497 2974 621 3054 gyros,
642 2945 790 3055 septena
807 2944 1001 3026 volumina
1019 2946 1153 3044 traxit3
1189 2949 1212 3031 8
1221 2976 1247 3059 ς

173 3086 388 3195 ΑιηΡΙεκυε
410 3085 555 3194 placide
571 3085 777 3182 tumulum,
807 3083 999 3195 lapsusque
1026 3113 1091 3194 per
1109 3113 1214 3170 aras:
1240 3110 1244 3115 '

172 3225 376 3308 Coeruleae
394 3225 457 3307 cui
475 3243 578 3335 terga
591 3243 716 3324 notae,
740 3224 949 3307 maculosus
966 3245 1004 3306 et
1022 3254 1115 3307 auro

173 3368 379 3476 Squamam
398 3366 620 3449 incendebat
635 3365 785 3474 fulgor:
815 3392 888 3446 ceu
904 3365 1068 3446 nubibus
1092 3393 1198 3448 arcus

172 3506 287 3589 Mille
301 3507 413 3590 trahit
442 3508 559 3590 varios
578 3506 729 3589 adverso
751 3506 826 3588 sole
846 3508 999 3589 colores.

172 3649 380 3761 Obstupuit
394 3648 474 3730 visu
487 3651 645 3732 Aeneas.
673 3646 748 3746 ille,
760 3648 909 3758 agmine
923 3648 1036 3756 longo
1186 3678 1245 3759 90

172 3789 351 3870 Tandem
360 3790 454 3869 inter
468 3805 608 3898 pateras
624 3804 662 3868 et
674 3786 768 3868 levia
784 3785 919 3896 pocula
945 3785 1102 3895 serpens,

172 3929 397 4038 Libavitque
417 3927 542 4038 dapeS,
558 3925 750 4037 rursusque
771 3927 945 4008 innoxius
967 3927 1047 4007 imo
1184 3980 1186 3984 2

172 4068 349 4167 Succeffit
365 4066 526 4166 tumulo,
549 4085 587 4148 et
608 4064 757 4178 depasta
782 4064 909 4146 altaria
927 4066 1049 4175 liquit.

171 4211 262 4294 Hoc
281 4208 399 4320 magis
413 4209 579 4323 inceptos
591 4207 750 4328 genitori
768 4205 939 4332 uallaurat
947 4205 1106 4291 honores
1116 4245 1128 4303 ς
1207 4288 1211 4295 ,
1232 4268 1247 4295 a

188 4364 203 4377 “
286 4366 290 4372 ·
1060 4346 1248 4450 Incertus,
