2872 5176
152 126 177 208 ‘.
286 78 883 198 nuncianaLrn-V·
1064 112 1123 209 3Ι

57 307 161 389 Stans
178 298 309 415 procul
326 299 366 379 in
379 302 500 408 prere,
520 313 684 406 pateram
705 313 819 394 tenet,
839 314 999 409 extaque
1021 299 1129 385 sulse·

56 443 211 530 Potricit
230 442 272 523 in
292 439 441 537 fluetus,
459 467 504 520 ae
520 436 800 546 vinaiiquentia
817 439 955 526 fundu
992 555 993 558 Ν
1038 440 1129 560 776

59 580 294 692 Prosequitur
313 577 462 687 surgens
481 577 781 689 upuppiventus
791 597 934 665 euntu.

62 719 354 813 Cetarimsncii
371 719 509 802 feriunt
519 746 636 814 mare,
650 738 689 798 et
708 746 870 827 aequora
887 740 1052 811 verrunt.

123 865 179 942 At
191 862 323 942 Venus
338 859 476 940 interea
494 858 724 967 Neptunum
737 860 897 940 exercita
913 863 1012 944 curis
1123 873 1129 883 ’

63 999 295 1108 Alloquitur,
310 996 472 1106 talesque
493 996 652 1079 effundit
666 998 815 1105 pestere
832 999 981 1107 questus
994 1033 1012 1085 :-
1039 1001 1129 1118 780

60 1127 218 1248 Junnnis
238 1138 356 1247 gravia
380 1139 435 1218 ira
450 1155 490 1219 et
506 1134 784 1217 inexsaturabiie
797 1137 929 1248 pestus

59 1282 213 1390 Cogunt
230 1308 307 1377 me,
324 1281 518 1390 Neptune,
537 1305 663 1389 preces
674 1277 892 1362 descendere
908 1280 950 1362 in'
960 1302 1114 1373 umnec:

59 1423 189 1527 Qum
205 1422 276 1503 nec
294 1419 405 1529 longa
417 1420 509 1517 dieu,
527 1419 642 1529 pietat
656 1444 726 1498 nec
749 1416 895 1528 mitigat
908 1392 1029 1522 ullu;¹

58 1565 148 1646 Nec
161 1563 266 1681 Jovir
281 1562 442 1673 imperio
468 1561 595 1644 fatisve
611 1561 767 1644 infracta
783 1562 949 1672 quiescit.

63 1703 157 1786 Nnn
164 1704 301 1791 {media
307 1702 354 1784 de
366 1721 477 1812 gente
488 1681 686 1812 Phrygum
698 1691 1128 1820 exedissenefandi'tng

64 1846 213 1926 Urbem
226 1845 321 1924 odiis
332 1844 412 1924 satis
426 1844 493 1945 est,
513 1870 582 1923 nec
600 1870 762 1952 poenam
779 1861 961 1956 traxeper
975 1872 1133 1927 ornnem

66 1981 301 2090 Relliquiaa:
331 1978 468 2089 Trojae
484 1980 756 2088 cineret-atque
770 1980 844 2061 afli
860 2002 1082 2096 peremptae

66 2121 289 2230 Insequitur.
321 2119 444 2203 canus
461 2121 554 2202 tanti
566 2116 891 2206 sentillafurotis.

63 2259 145 2372 ipse
167 2259 266 2340 mur
286 2287 406 2369 nuper
422 2259 575 2370 Libycis
601 2277 652 2340 tu
670 2256 954 2367 venetianus
1025 2244 1029 2288 ³

63 2391 360 2498 Quam'motem
376 2397 496 2480 subito
512 2398 687 2482 excierit:
720 2401 837 2481 maria
862 2400 994 2482 omnia
1008 2397 1120 2484 coele

66 2536 234 2636 Miscuit,
249 2537 665 2647 ,Aeoliiunequicquam
681 2537 774 2620 freta
787 2539 969 2650 procellis,
1044 2564 1129 2655 791
1256 2538 1258 2542 ’

66 2679 113 2760 ln
131 2675 254 2785 regnis
270 2674 346 2757 hoc
362 2675 448 2758 ausa
465 2678 559 2762 trus,

64 2819 135 2902 Per
150 2819 279 2917 scelus,
304 2847 403 2920 ecce,
422 2820 550 2914 etiam,
576 2817 748 2927 Troianis
765 2819 947 2903 matribus
961 2819 1077 2918 adiit,

66 2956 221 3040 Exusfit
236 2957 346 3038 foede
363 2958 518 3069 puppes,
534 2976 573 3038 et
591 2956 701 3039 curse
716 2957 860 3068 subegit

69 3096 215 3179 Amissa
231 3096 347 3179 socius
364 3100 512 3210 ignotae
536 3098 705 3209 linquere
719 3117 846 3181 terrae.
1044 3125 1131 3214 795

66 3236 184 3345 Qud
202 3237 378 3346 superest,
398 3267 477 3338 oro,
496 3237 608 3319 liceat
621 3237 708 3320 dare
723 3255 801 3319 tuta
822 3265 889 3347 per
900 3236 1019 3317 undas

67 3372 163 3454 Vela
179 3374 274 3474 tibi,
302 3375 410 3460 liceat
428 3379 654 3460 Laurentem
671 3377 849 3486 attingere
865 3375 1053 3483 Tybrimr

69 3514 109 3594 Si
137 3514 303 3596 concessu
319 3534 419 3627 peto,
439 3517 467 3596 fi
484 3516 573 3598 dant
590 3545 634 3600 ea
650 3518 800 3601 moenia
818 3516 966 3598 Parcae.

67 3654 178 3739 Turn
196 3656 387 3738 Saturnius
404 3655 496 3737 haec
510 3655 675 3739 domitor
694 3658 805 3739 maris
819 3654 937 3736 edidit
949 3652 1014 3735 alti
1027 3686 1047 3769 ε7
1142 3639 1146 3648 ’

67 3792 140 3873 Fas
156 3820 270 3877 omne
290 3796 358 3897 est,
374 3794 579 3907 Cytherea,
600 3798 693 3879 meis
712 3816 748 3879 te
763 3797 875 3880 fidere
892 3772 1026 3904 regnis,
1046 3791 1132 3875 800

69 3931 181 4015 Unde
202 3961 318 4044 genus
335 3936 461 4034 ducis3
493 3935 614 4019 merui
632 3937 808 4050 quoque
826 3934 931 4047 saepe
951 3933 1092 4014 furores
1116 4011 1124 4021 ,

161 4059 164 4063 ’
918 4063 1139 4179 Compreffi,
