2872 5176
315 441 320 448 .
396 300 1011 465 Aruernorum(
1109 354 1204 498 143

134 539 308 679 Cingula,
329 570 483 652 Tiburti
503 569 671 651 Remulo
689 568 887 651 ditiffimus
904 568 999 651 olim
1115 577 1202 683 360

133 711 241 817 Qae
261 712 377 791 mittit
395 711 506 808 dona,
538 707 699 819 hospitio
713 736 804 789 cum
816 710 990 819 jungeret
1002 708 1143 817 absens,

132 850 337 932 Caedicus:
366 850 429 932 ille
445 853 510 932 suo
521 851 687 931 moriens
707 851 770 928 dat
790 848 927 930 habere
945 853 1093 960 nepoti:

132 989 221 1069 Post
240 1010 404 1073 mortem
422 991 523 1072 bello
542 989 677 1070 Rutuli
692 990 899 1099 praedaque
917 991 1038 1100 potiti.

132 1128 242 1210 Haec
271 1133 378 1241 rapit,
422 1150 535 1243 atque
560 1128 728 1212 humeris
754 1131 1023 1239 nequicquam
1044 1132 1204 1218 fortibus

316 1291 429 1384 aptat.

131 1410 241 1492 Tum
261 1412 407 1522 galeam
420 1413 583 1523 Meffapi
595 1411 762 1493 habilem
781 1411 970 1523 cristisque
989 1413 1164 1496 decoram

132 1552 272 1633 Induit.
303 1554 491 1634 excedunt
502 1554 641 1649 castris,
670 1572 708 1633 et
727 1570 806 1633 tuta
817 1554 1017 1660 capellunt.
1114 1559 1199 1668 366

193 1693 337 1773 Interea
355 1693 542 1804 praemiffi
560 1693 702 1801 equites
718 1720 766 1771 ex
783 1693 876 1773 urbe
892 1686 1038 1794 Latina,
1202 1798 1207 1805 .

133 1828 286 1912 Caetera
308 1833 402 1913 dum
423 1832 521 1942 legio
535 1833 680 1943 campis
699 1831 874 1911 instruela
891 1852 1072 1933 moratur,
1124 1940 1127 1945 Ι

131 1967 254 2071 lbant,
288 1990 325 2053 et
338 1972 475 2055 Turno
488 1974 566 2083 regi
584 1972 753 2083 responsa
763 1971 943 2070 ferebant,

130 2109 377 2212 Tercentum,
393 2112 523 2194 scutati
538 2143 685 2211 omnes,
698 2111 897 2193 Volscente
909 2111 1096 2220 magistro
1114 2142 1200 2226 370

131 2250 295 2358 Jamque
309 2253 611 2362 propinquabant
628 2252 765 2348 castris,
798 2251 1000 2359 murosque
1017 2250 1200 2337 subibant,

131 2373 235 2470 Cum
253 2391 385 2501 procul
405 2391 475 2473 hos
495 2393 599 2475 laevo
617 2393 805 2473 dedentes
824 2390 945 2473 limite
963 2409 1140 2475 cernunt:

129 2529 182 2611 Et
199 2532 303 2640 galea
316 2532 526 2642 Euryalum
542 2532 713 2614 sublustri
731 2531 851 2611 nodis
863 2531 901 2610 in
919 2530 1055 2612 umbra
1116 2637 1119 2641 γ

127 2672 300 2754 Prodidit
314 2675 594 2775 immemorem,
627 2673 808 2783 radiisque
821 2673 971 2755 adversa
989 2672 1141 2756 refulsrt.

129 2812 248 2896 Haud
262 2834 403 2895 temere
414 2816 468 2896 est
487 2817 619 2897 visum.
647 2813 857 2896 conclamat
869 2816 917 2894 ab
937 2815 1087 2921 agmine
1105 2811 1202 2893 Vol·

316 2953 431 3051 scens,
1112 2979 1198 3065 375
1304 2944 1308 2955 .

128 3095 239 3194 State,
265 3094 353 3175 viri:
386 3123 481 3203 quae
496 3093 604 3175 causa
620 3093 723 3176 viae?
754 3093 867 3200 quive
879 3091 963 3173 estis
981 3091 1170 3173 inarmis?

128 3234 266 3331 Quove
290 3235 419 3314 tenetis
439 3235 531 3316 iter?
562 3232 659 3314 nihil
677 3232 733 3313 illi
753 3233 903 3315 tendere
917 3248 1066 3314 contra:

128 3373 201 3452 Sed
219 3373 377 3455 celerare
395 3374 528 3482 fugam
547 3374 584 3453 in
598 3373 716 3476 srlvas,
748 3390 786 3453 et
803 3371 917 3453 fidere
935 3371 1050 3456 nodi.

128 3513 326 3620 Objiciunt
346 3515 489 3622 equites
506 3514 578 3595 sese
589 3514 636 3594 ad
657 3513 812 3594 divortia
824 3530 913 3593 nota

128 3652 233 3732 Hinc
254 3671 366 3762 atque
386 3653 491 3760 hinc,
531 3680 764 3761 omnemque
792 3652 939 3734 abitum
965 3649 1116 3735 custode
1134 3677 1202 3731 co·

312 3814 456 3879 ronant.
1112 3792 1198 3903 380

129 3932 228 4013 Silva
243 3935 328 4033 fuit,
360 3935 432 4016 late
451 3938 576 4020 dumis
590 3955 701 4047 atque
717 3935 803 4017 ilice
814 3936 920 4047 nigra

128 4071 307 4174 Horrida,
340 4090 459 4184 quam*
474 4077 575 4159 densr
593 4076 827 4187 complerant
843 4075 1011 4185 undique
1032 4071 1169 4153 sentes:

10 4242 12 4246 ’
127 4217 228 4300 Rara
242 4243 309 4327 per
326 4217 492 4303 occultos
506 4218 664 4303 ducebat
681 4218 812 4302 semita
829 4217 952 4300 ealles.

186 4357 306 4443 Tont.
328 4357 378 4441 ll.
781 4359 817 4439 L
1118 4347 1202 4431 Eu·
