2872 5176
357 350 451 421 112
531 314 1212 428 P.V1uorr.11Mxron1s

349 523 585 605 Fumiseram
599 526 768 619 noctem,
786 520 1004 605 commixtis
1018 526 1104 636 igne
1121 535 1292 618 tenebris.
1331 568 1352 623 z
1361 542 1417 656 5'5

346 663 443 743 Non
457 663 543 743 tulit
556 662 710 743 Alcides
727 661 874 759 animis,
904 663 1015 774 seque
1036 665 1112 776 ipse
1130 698 1198 781 per
1212 674 1342 782 ignem

343 804 543 916 Praecipiti
558 805 649 915 jecit
661 801 768 907 saltu,
812 832 886 915 qua
903 803 1086 915 plurimus
1104 812 1246 895 undam

343 946 493 1028 Fumus
505 946 594 1055 agit,
616 945 828 1054 nebulaque
846 945 976 1054 ingens
989 947 1118 1056 specus
1136 953 1275 1037 aestuat
1287 976 1374 1043 atra.

343 1086 425 1168 Hic
437 1090 583 1170 Cacum
602 1088 814 1169 intenebris
832 1088 1004 1168 incendia
1020 1116 1113 1171 vana
1130 1115 1350 1180 vomentem

190 1290 198 1303 .
342 1230 519 1341 Corripit,
534 1230 573 1311 in
587 1229 733 1309 nodum
753 1228 986 1337 complexus
1017 1247 1056 1310 et
1072 1234 1176 1343 angit
1189 1235 1381 1324 inhaerens

340 1370 644 1453 Elisosoculoset
657 1368 985 1479 ficcumsanguine
997 1389 1139 1479 guttur.
1322 1388 1404 1470 261

272 1494 275 1499 ’
339 1512 520 1595 Panditur
531 1512 728 1621 extemplo·
742 1509 885 1592 foribus
897 1512 1035 1592 domus
1053 1531 1130 1595 atra
1149 1522 1319 1606 revolfis:

337 1656 628 1763 Abstrastaeque
645 1654 770 1752 boves,
798 1651 1059 1761 abjuratacque
1076 1657 1225 1766 rapinae

338 1792 459 1874 Coelo
476 1792 731 1892 ostenduntur,
759 1789 987 1902 pedibusque
1006 1790 1169 1874 informe
1188 1800 1344 1882 cadaver

336 1932 581 2015 Protrahitur.
621 1945 812 2038 nequeunt
828 1927 970 2038 expleri
984 1930 1097 2009 corda
1108 1936 1249 2018 tuendo
1314 1945 1401 2053 265

337 2074 540 2158 Terribiles
551 2071 691 2168 oculos,
715 2070 876 2166 vultum,
905 2068 1107 2180 villosaque
1126 2074 1208 2157 setis

337 2218 493 2300 Pectora
506 2213 679 2312 semiferi,
704 2231 816 2322 atque
832 2210 1015 2291 extinctos
1027 2210 1198 2299 faucibus
1215 2219 1331 2329 ignes.

334 2357 398 2437 Ex
415 2355 484 2436 illo
499 2354 702 2436 celebratus
715 2351 849 2450 honos,
880 2350 1039 2460 laetique
1057 2354 1221 2438 minores

336 2494 531 2575 Servavere
548 2494 664 2588 diem,
696 2490 912 2599 primusque
924 2491 1084 2572 Potitius
1106 2500 1248 2596 auctor,

218 2692 222 2703 .
332 2632 386 2713 Et
404 2633 540 2715 domus
559 2630 740 2712 Herculei
754 2629 876 2709 custos
893 2628 1039 2709 Pinaria
1056 2628 1145 2711 sacri
1307 2666 1393 2753 270

333 2773 449 2857 Hauc
463 2771 664 2855 aramluco
677 2769 815 2870 statuit,
855 2796 950 2879 quae
959 2769 1125 2853 maxima
1137 2773 1282 2885 semper

331 2914 492 2996 Dicetur
504 2914 624 3010 nobis,
652 2910 775 2993 eterit
795 2936 891 3020 quae
908 2908 1076 2989 maxima
1093 2910 1248 3022 semper.

331 3056 460 3154 Quare
476 3055 585 3163 agite,
598 3055 797 3160 ojuvenes,
814 3066 1002 3131 tantarum
1019 3050 1059 3130 in
1073 3078 1229 3133 munere
1240 3052 1396 3135 laudum

330 3196 481 3305 Cingite
497 3193 631 3276 fronde
656 3221 795 3292 comas,
813 3209 852 3272 et
869 3189 1004 3301 pocula
1022 3194 1165 3299 porgite
1184 3193 1333 3291 dextris,

330 3339 667 3444 Communemque
685 3350 813 3413 vocate
827 3333 955 3426 deum,
969 3348 1007 3410 et
1018 3329 1102 3410 date
1122 3331 1206 3412 vina
1219 3334 1393 3423 volentes.

257 3582 267 3597 .
328 3476 507 3559 Dixerat:
526 3471 715 3555 Herculea
730 3468 873 3553 bicolor
884 3497 974 3551 cum
987 3469 1150 3589 populus
1158 3473 1293 3555 umbra
1305 3483 1390 3591 276

327 3614 553 3725 Velavitque
566 3642 706 3718 comas,
738 3611 909 3721 foliisque
929 3611 1065 3693 innexa
1076 3613 1273 3721 pependit;

326 3758 380 3839 Et
397 3757 494 3839 sacer
510 3752 680 3865 implevit
693 3753 864 3834 dextram
882 3749 1053 3860 scyphus.
1085 3752 1187 3831 ocius
1199 3781 1330 3834 omnes

325 3895 373 3976 In
391 3894 559 4002 mensam
574 3893 659 3975 laeti
679 3892 808 3991 libant,
838 3888 1015 3997 divosque
1028 3907 1236 3999 precantur.

326 4034 487 4116 Devexo
499 4036 636 4115 interca
648 4033 798 4143 propior
811 4030 854 4111 fit
864 4030 989 4140 vesper
1000 4028 1179 4140 olympo:
1302 4031 1388 4118 280

319 4178 492 4292 *Jamque
508 4175 722 4276 sacerdotes,
739 4171 955 4293 primusque
973 4172 1144 4297 Potitius,
1168 4173 1273 4256 ibant

1224 4306 1387 4395 Pellibus
