2872 5176
285 311 693 440 *Aruernos
729 311 990 445 ΕῙΒῙἯΙ.
1128 334 1192 493 93

132 550 281 632 Funere
297 545 398 629 felici
412 544 561 657 spolior.
588 573 657 629 nec
669 546 775 658 plura
793 545 951 647 locutus,

136 679 299 802 Sepfitse
313 685 433 799 tediis,
464 713 665 794 rerumque
682 685 831 794 reliquit
843 686 1017 772 habenas.
1106 696 1194 779 600

196 830 289 912 Mos
306 844 384 908 erat
395 825 577 936 Hesperio
596 827 635 906 in
651 828 774 930 Latio,
802 856 919 938 quern
935 849 1112 939 protenus
1131 839 1196 916 ur*-

181 1004 185 1011 ·
222 971 224 975 ’
265 965 267 969 ’
319 965 385 1044 bes

137 1105 307 1189 albanae
318 1102 464 1184 coluere
476 1102 632 1202 sacrum,
659 1129 761 1182 nunc
777 1105 944 1187 maxima
956 1133 1082 1188 rerum

138 1246 267 1325 Roma
276 1243 377 1342 co'lit,
397 1271 487 1323 cum
501 1242 624 1351 prima
636 1259 789 1322 movent
806 1242 845 1321 in
854 1222 996 1353 ‘praelia
1007 1246 1197 1337 Martem:

141 1384 224 1464 Sive
237 1382 344 1462 Getis
362 1381 493 1461 inferre
515 1408 632 1460 manu
659 1380 898 1489 lacrymabile
912 1382 1068 1483 bellum,
1177 1491 1179 1495 Ι
1227 1451 1230 1455 .

121 1523 383 1633 “Hyrcanisve
413 1522 588 1601 Arabisve
606 1537 747 1631 parant,
759 1506 826 1602 seu
844 1506 993 1607 tendere
1009 1527 1057 1608 ad
1072 1529 1199 1630 Indos,

142 1668 403 1774 Auroramque
416 1663 530 1771 sequi,
545 1661 773 1772 Parthosque
792 1666 976 1774 reposcere
985 1669 1097 1778 signa.
1113 1680 1199 1759 606

143 1805 238 1884 Sunt
256 1802 427 1912 geminae
448 1800 537 1883 belli
547 1819 687 1913 portae,
715 1779 1083 1916 ncnomne'dicunt,
1179 1825 1184 1905 f

143 1920 354 2051 Relligio‘ne
371 1940 505 2044 sacrae,
533 1959 570 2021 et
591 1940 685 2021 saevi
704 1925 905 2024 furmidine
921 1943 1077 2029 Martis:
1176 2052 1182 2059 .

145 2083 311 2162 Centum
330 2080 425 2160 aerei
438 2078 616 2160 claudunt
625 2082 759 2177 vectes,
787 2097 1007 2190 aeternaque
1026 2083 1114 2166 ferri

143 2223 321 2303 Robora:
352 2247 422 2302 nec
435 2219 557 2300 custos
572 2218 708 2301 abfistit
719 2218 848 2299 limine
862 2222 990 2325 Janus.
1113 2231 1201 2312 610

145 2360 243 2455 Has,
281 2357 348 2437 ubi
369 2375 467 2438 certa
484 2356 584 2439 sedet
596 2356 757 2467 patribus
774 2354 949 2439 sententia
965 2388 1125 2472 pugnae,
1181 2384 1185 2391 '
1305 2439 1308 2454 ,

132 2498 243 2608 tpse,
280 2495 464 2604 Quina
484 2497 608 2578 traua
627 2491 827 2605 cinctuque
847 2497 998 2582 canno
1173 2468 1178 2485 “

137 2634 315 2746 ¹Insignis,
345 2634 475 2714 reserat
488 2634 673 2716 stridentia
686 2633 816 2717 limina
827 2634 986 2737 consul}

148 2773 230 2883 Ipse
243 2790 350 2852 vocat
360 2800 528 2881 pugnas:
559 2771 721 2881 sequitur
731 2789 815 2853 tum
828 2794 967 2858 caetera
985 2779 1114 2888 pubes,
1175 2770 1204 2892 αι’

150 2914 344 3020 Aereaque
361 2910 499 2990 assensu
518 2909 728 3022 conspirant
745 2937 884 2991 cornua
901 2941 1026 3000 rauco.
1120 2921 1145 3003 6
1155 2946 1206 3042 ¹5

151 3052 240 3131 Hoc
258 3069 296 3133 et
312 3070 395 3131 tum
414 3050 598 3131 Aeneadis
610 3051 770 3131 indicere
785 3051 882 3131 bella
895 3055 1051 3138 Latinus

151 3191 264 3272 More
274 3192 483 3300 jubebatur,
515 3189 703 3300 tristesque
721 3189 909 3275 recludere
927 3214 1062 3304 portas.

154 3331 345 3411 Abstinuit
357 3334 459 3411 tadu
473 3349 586 3440 pater,
618 3329 833 3439 aversusque
858 3331 995 3448 refugit

141 3462 280 3552 nocua
305 3472 517 3567 ministeria,
544 3487 582 3550 et
595 3470 712 3550 caeca
729 3470 765 3549 se
782 3471 949 3552 conant
966 3475 1125 3590 umbris,

155 3614 263 3693 Tum
282 3614 407 3722 regina
425 3613 551 3708 deum,
580 3608 686 3692 coelo
702 3609 859 3721 delapsa,
873 3632 1062 3725 *morantes
1126 3619 1213 3740 62¹0
1356 3662 1359 3671 ’

156 3753 312 3859 impulit
333 3752 409 3861 ipsa
422 3779 538 3831 manu
549 3767 683 3861 portas,
714 3767 752 3830 et
764 3750 912 3833 cardine
924 3753 1026 3834 verso
1047 3820 1055 3828 .

156 3890 250 3970 Belli
269 3891 421 3971 ferratos
446 3889 548 3998 rupit
568 3889 736 3971 saturnia
752 3874 886 4004 postes.
952 3861 956 3871 ι

219 4031 341 4108 vArdet
368 4028 528 4106 inexcita
555 4028 720 4110 Ausonia
751 4040 862 4136 atque
891 4028 1095 4111 immobilis
1120 4049 1217 4113 ante.

158 4172 246 4251 Pars
284 4166 396 4278 pedes
429 4165 482 4247 ire
518 4186 622 4276 parat
656 4168 818 4279 campis;
849 4195 933 4280 pars
969 4171 1102 4256 arduus
1138 4168 1220 4251 altis

1129 4302 1222 4417 ruf
