2872 5176
285 397 321 414 ··
399 350 1055 457 nauamoanmvnl
1165 387 1261 486 ¹03
1369 430 1373 437 -

194 573 323 680 Qum
343 565 480 647 Turno
492 565 584 674 regi,
615 578 679 643 aut
698 562 776 671 regi
790 586 964 671 apparere
975 561 1125 646 Latino.
1175 574 1182 599 ‘

256 705 367 786 Talia
379 734 445 817 per
465 705 639 787 Latium:
671 727 768 809 quae
785 700 1080 782 Laomedontius
1096 698 1207 787 heros

194 846 481 929 curuavidens
497 870 638 952 magno
651 868 827 920 curarum
842 839 998 921 fluctuat
1012 840 1135 924 aestu:

198 990 328 1095 Atque
339 984 512 1065 animum
524 1008 626 1063 nuuc
639 977 716 1060 huc
724 977 898 1079 celerem,
907 1008 1010 1061 nunc
1020 981 1153 1063 dividit
1164 981 1268 1081 illuc,

198 1129 246 1208 In
264 1126 455 1238 partesque
475 1123 573 1233 rapit
589 1121 717 1218 varias,
750 1147 889 1230 perque
906 1122 1036 1204 omnia
1047 1124 1175 1211 versat.
1210 1153 1262 1210 21

200 1269 302 1349 Sicut
320 1294 437 1378 aquae
450 1265 658 1346 tremulum
673 1262 784 1345 labris
800 1262 865 1343 ubi
879 1261 1009 1343 lumen
1021 1262 1151 1346 ahenis
1263 1236 1266 1243 Ι

201 1410 285 1491 Sole
300 1407 565 1520 repercussum,
599 1423 662 1485 aut
675 1405 848 1487 radiantis
865 1404 1028 1513 imagine
1045 1404 1170 1506 lunae,

200 1549 345 1629 Omnia
359 1547 556 1658 pervolitat
574 1546 644 1625 late
659 1545 753 1640 loca,
772 1546 928 1653 jamque
947 1544 1016 1626 sub
1032 1573 1138 1631 auras

200 1688 383 1798 Erigitur,
415 1686 630 1795 summique
648 1684 735 1766 ferit
753 1685 939 1794 laquearia
955 1687 1058 1769 teeti.
1214 1703 1237 1775 ὴ
1244 1717 1270 1809 5

203 1830 299 1912 Nox
314 1845 403 1927 erat,
435 1845 473 1909 et
490 1843 602 1909 terras
615 1825 790 1907 animalia
806 1824 895 1908 fella
910 1852 1123 1936 peromnes

204 1972 382 2055 Alituum
401 1970 669 2080 pecudumque
681 1997 797 2078 genus
810 1969 920 2080 sopor
934 1967 1031 2051 altus
1049 1967 1230 2075 habebat,

202 2114 306 2194 Cum
328 2129 432 2220 pater
444 2111 482 2190 in
502 2113 581 2218 ripa
600 2109 787 2218 gelidique
807 2107 873 2189 sub
887 2107 1045 2191 aetheris
1062 2138 1132 2191 axe

204 2257 366 2348 Aeneas,
397 2250 489 2331 tristi
506 2253 672 2331 turbatus
691 2252 839 2359 pedore
857 2247 971 2348 bell0,

207 2392 427 2489 Procubuit,
446 2392 638 2500 seramque
652 2391 754 2471 dedit
763 2417 831 2500 per
842 2389 1014 2474 membra
1026 2391 1203 2501 quietem.
1217 2422 1272 2510 30

205 2536 312 2616 Huic
329 2534 419 2613 deus
434 2533 507 2642 ipse
521 2533 608 2632 loci,
641 2533 758 2614 fluvio
776 2533 980 2614 Tiberinus
993 2563 1167 2636 amoene,

206 2675 391 2787 Populeas
411 2675 504 2756 inter
521 2676 640 2757 senior
657 2675 692 2756 se
709 2674 875 2755 attollere
892 2675 1045 2758 frondes
1260 2652 1264 2659 ⁵

207 2819 330 2899 Visus.
362 2845 452 2897 eum
468 2819 588 2900 tenuis
609 2819 742 2928 glauco
754 2817 898 2898 velabat
918 2819 1061 2900 amictu

197 2958 393 3056 Carbasus,
425 2976 463 3037 et
476 2960 593 3040 crines
606 2958 781 3039 umbrosa
798 2959 945 3067 tegebat
962 2961 1119 3046 arunde.

210 3104 318 3181 Tum
332 3100 381 3178 fic
399 3098 515 3198 affari,
548 3121 585 3180 et
602 3128 707 3181 curas
725 3099 784 3181 his
801 3101 951 3183 demere
969 3103 1097 3186 diuis:
1219 3133 1275 3221 35

127 3228 135 3239 ’
210 3244 248 3322 O
261 3242 333 3320 sate
345 3260 455 3348 gente
468 3242 595 3341 deum,
628 3243 836 3349 Trojanam
850 3270 898 3323 ex
916 3242 1084 3326 hostibus
1100 3244 1236 3329 urbem

210 3387 289 3496 Qi
307 3383 451 3464 revehis
470 3386 588 3482 nobis,
619 3403 838 3494 aeternaque
856 3386 1038 3496 Pergama
1054 3380 1184 3489 servas,

210 3525 431 3636 Exspedlate
452 3525 529 3607 solo
542 3527 731 3627 Laurenti,
761 3528 927 3637 arvisque
946 3531 1112 3629 Latinis;

56 3700 60 3709 ·
212 3668 291 3748 Hic
304 3668 373 3747 tibi
391 3683 489 3749 certa
507 3668 654 3768 domus,
686 3669 790 3771 certi,
822 3697 869 3749 ne
886 3668 1026 3768 absrste,
1059 3668 1234 3787 Penates:

214 3810 307 3892 Neu
323 3809 415 3889 belli
426 3828 559 3892 terrere
574 3811 697 3893 minis.
729 3828 855 3891 tumor
875 3814 998 3895 omnis
1011 3829 1049 3931 et
1067 3813 1141 3894 irae
1220 3843 1278 3924 4o
1364 3802 1368 3810 ¹

214 3948 434 4030 Conceffere
452 3951 581 4038 deum.

217 4087 381 4195 Jamque
397 4088 479 4189 tibi,
509 4118 558 4172 ne
575 4118 668 4174 vana
685 4110 791 4204 putes
805 4089 898 4175 haec
909 4091 1050 4203 fingere
1061 4092 1251 4190 somnum,

217 4229 381 4315 Litoreis
398 4231 527 4346 ingens
541 4233 689 4321 inventa
705 4235 773 4318 sub
791 4235 937 4317 ilicibus
955 4234 1025 4334 sus,

286 4383 299 4399 “
772 4377 862 4486 H4
1115 4372 1289 4485 Triginta
