2872 5176
381 342 711 437 Aruernos
752 335 872 433 [ιι.
901 330 986 435 ῙΧ.
1114 328 1209 474 1'37

136 542 294 663 'Etrusci
311 540 449 643 socios,
476 540 659 643 tenebras,
687 557 726 624 et
743 538 874 624 inertia
890 539 991 629 fitrta
1128 532 1218 657 ιςοΙ

147 685 317 787 Pnladii,
345 681 455 768 caefis
471 682 640 768 summae
655 680 871 765 custodibus
882 680 989 788 arcis,

145 831 212 915 Ne
230 830 411 927 timeant,
438 850 509 910 nec
525 829 615 940 equi
632 853 740 941 caeca
752 828 961 911 condemur
976 828 1020 912 in
1033 804 1131 916 osvo
1204 802 1212 817 ⁸

143 972 252 1055 Luce
269 967 395 1083 palam
413 985 560 1051 certum
577 966 657 1050 est
645 995 725 1079 rgm
711 967 960 1052 circundare
979 996 1123 1059 muros.

143 1110 264 1193 Haud
281 1109 348 1193 fibi
362 1138 455 1193 cum
471 1109 614 1192 Danais
631 1136 728 1227 rem,
758 1106 861 1210 faxo,
889 1127 928 1190 et
944 1111 1047 1224 pube
1064 1110 1216 1225 Pelasga

142 1248 229 1333 Effe
244 1267 391 1364 putent,
422 1249 618 1337 decimum
644 1274 739 1361 quos
756 1246 901 1333 distulit
920 1250 1119 1335 Hector
1082 1280 1124 1336 ιιι
1143 1279 1214 1335 an·

326 1420 435 1474 num.
1127 1424 1144 1483 1
1153 1421 1211 1513 55

140 1532 261 1617 Nunc
274 1530 382 1628 adeo,
403 1528 537 1632 melior
550 1527 733 1639 quoniam
745 1558 829 1641 pars
841 1537 924 1618 atra
939 1535 1027 1636 diei,

141 1671 261 1783 Qod
272 1644 450 1783 superest,
476 1668 564 1751 laeti
577 1669 672 1751 bene
686 1670 796 1780 gestis
812 1697 967 1783 corpora
983 1679 1095 1759 rebus
1133 1714 1136 1721 ·

140 1818 356 1912 Procurate,
377 1812 467 1913 viri·
499 1830 538 1894 et
535 1838 731 1927 pugnam
740 1812 879 1925 sperate
895 1817 1027 1927 parari.
1131 1882 1136 1889 .

138 1958 286 2040 Interea
303 1952 462 2063 vigilum
479 1952 647 2036 excubiis
666 1952 832 2036 obsedere
841 1972 966 2067 portas

137 2098 241 2178 Cura
250 2094 360 2175 datur
370 2093 557 2204 Messipo
565 2109 603 2173 et
615 2120 766 2175 moerua
779 2094 1118 2217 cingereflammis.
1129 2103 1209 2189 160

139 2236 202 2318 Bis
219 2236 375 2346 septem,
405 2232 553 2314 Rutulo
564 2259 694 2315 muros
713 2260 781 2343 qur
767 2230 914 2316 ¹milite
930 2235 1087 2339 ser'vent,

102 2466 106 2473 ,
137 2376 308 2461 Delecti:
339 2374 395 2454 ast
411 2373 495 2456 illos
507 2375 652 2456 centeni
669 2401 861 2487 quemque
880 2375 1083 2507 sequuntur

138 2515 322 2628 Purpurei
336 2514 477 2596 crrstrs
460 2540 630 2624 juvenca,
658 2543 825 2625 auroque
841 2518 996 2601 corusci.

136 2658 375 2770 Discurrunt,
390 2655 606 2765 variantque
616 2653 741 2754 vices,
758 2653 905 2767 fusique
917 2686 985 2769 per
1001 2652 1172 2743 herbam¹

137 2796 339 2906 indulgent
356 2795 457 2895 vino,
486 2811 525 2875 et
537 2810 684 2873 vertunt
699 2810 854 2877 crateras
867 2795 1019 2886 ahenos.
1119 2803 1202 2913 165

135 2933 337 3015 Collucent
355 2933 477 3040 ignes:
505 2933 659 3014 nostem
681 2932 847 3016 custodia
861 2935 977 3047 ducit

134 3074 353 3155 insomnem
373 3072 475 3156 ludo.

134 3215 243 3296 Haec
262 3215 369 3325 super
383 3242 404 3295 e
418 3212 517 3294 vallo
531 3214 912 3326 prospedbantTrobs,
947 3217 1112 3301 etarmis

134 3355 225 3437 Alta
241 3373 388 3438 tenent:
420 3383 490 3436 nec
503 3383 579 3436 non
591 3356 725 3466 trepidi
738 3353 940 3440 formidine
956 3376 1080 3470 portas
1116 3358 1200 3473 169

132 3494 356 3607 Explorant,
386 3494 591 3604 pontesque
608 3511 646 3575 et
667 3496 948 3606 propugnacula
963 3498 1150 3608 jungunt:

132 3633 230 3717 Tela
243 3650 389 3744 gemnt.
417 3633 553 3715 instant
570 3632 795 3716 Mnestheus
815 3663 971 3748 acerque
983 3637 1158 3738 Serestus,

131 3776 241 3881 Quos
262 3794 364 3886 pater
382 3776 541 3874 Aeneas,
573 3775 601 3854 fi
620 3775 771 3883 quando
788 3775 935 3857 adversa
952 3760 1138 3874 uocarent,

129 3899 311 3981 Restores
321 3900 520 4007 juvenum,
533 3934 536 3941 ⁴
552 3916 589 3979 et
606 3925 732 3979 rerum
750 3898 852 3979 dedit
866 3898 937 3981 effe
957 3899 1168 4012 magistros.

130 4030 271 4125 Omnis
286 4068 354 4154 per
367 4052 498 4122 muros
516 4026 628 4152 legio,
642 4041 766 4123 sortita
789 4040 988 4154 periclum,
1112 4070 1199 4158 174

128 4181 317 4286 Excubat,
325 4197 572 4303 exercetque
554 4210 653 4273 vaces
652 4180 779 4295 ,quod
786 4181 924 4296 cuique
935 4183 1125 4388 ruendoq}
1126 4180 1197 4385 ¹esst

1153 4330 1198 4388 us
