2872 5176
375 353 709 449 Azuninos
747 348 1038 451 Lmvllh
1138 384 1232 483 107

172 555 389 670 Alloquere,
422 555 608 639 acnostrie
628 553 783 638 suceede
801 553 1002 638 Penatibus
1017 554 1166 671 hospes.
1212 606 1231 659 1

170 701 405 813 Excepitque
422 726 552 798 manu,
572 696 819 807 dextramque
829 697 1024 807 amplexus
1041 699 1209 789 inhae'fie

230 839 413 951 Progteffi
430 839 589 921 subeunt
605 836 706 938 luco,
754 833 990 949 fluviumque
1009 840 1238 954 relinquunt.

169 985 280 1065 Tum
294 1006 424 1090 regem
441 981 587 1060 Aeneae
604 977 714 1061 dieis
731 974 865 1058 affatur
880 978 1036 1063 amicis:
1151 991 1234 1073 126

169 1122 330 1234 Optime
341 1119 617 1230 Grajugenum,
646 1119 710 1199 cui
724 1144 788 1199 me
804 1117 953 1200 fortuna
965 1125 1119 1230 precari,

169 1264 223 1345 Et
240 1263 330 1344 vitta
346 1277 494 1341 comtos
511 1257 631 1339 voluit
647 1259 885 1369 praetendere
901 1286 1025 1343 ramos
1031 1302 1047 1361 3

169 1403 264 1487 Non
279 1400 460 1514 equidem
486 1399 661 1497 extimui,
701 1380 880 1483 Danaiun
905 1404 1011 1510 quod
1034 1402 1181 1511 dudor,
1198 1424 1240 1490 et

352 1543 486 1638 Arcas,

168 1681 362 1791 Quodque
381 1708 405 1761 a
421 1678 533 1790 stirpe
551 1679 648 1760 fores
660 1676 818 1788 geminis
832 1680 1054 1787 conjundiue
1071 1685 1237 1789 Atridis,
1310 1743 1312 1747 <

170 1820 244 1906 Sed
264 1846 351 1903 mm
367 1846 433 1901 me
452 1821 578 1919 virtus,
609 1817 782 1902 etsandia
801 1816 951 1900 oracula
967 1818 1113 1923 divum,
1150 1853 1167 1908 1
1178 1850 1232 1936 3¹

169 1961 404 2071 cognatique
414 1979 546 2071 patres,
576 1976 641 2040 tua
660 1958 763 2039 terrie
775 1957 893 2038 didita
904 1956 1020 2058 fama,

167 2103 406 2210 Conjumtere
423 2101 506 2204 tibi,
534 2116 572 2181 et
583 2099 667 2182 fatis
681 2124 792 2208 egere
801 2099 1002 2182 volentem.
1035 2126 1041 2133 ·

169 2238 381 2337 Dardanus,
408 2236 543 2319 Iliacae
556 2233 700 2346 primus
711 2254 814 2345 pater
831 2234 933 2316 urbis
950 2255 989 2316 et
1004 2241 1145 2338 audior,

168 2376 330 2477 Eiedira,
351 2393 393 2458 ut
412 2376 519 2457 Graii
539 2373 749 2488 perhibent,
771 2375 963 2456 Atlantide
979 2396 1115 2477 cretus,
1150 2410 1166 2466 1
1176 2410 1198 2494 3
1207 2406 1234 2496 ς

167 2516 381 2600 Advehitur
395 2517 586 2621 Teucros:
617 2515 808 2596 Electram
822 2515 1010 2598 maximus
1021 2517 1129 2600 Atlas
1217 2525 1219 2529 ⁴

167 2659 310 2759 Edidit,
328 2657 523 2740 nemerim
540 2656 701 2739 humero
720 2657 787 2767 qui
804 2655 955 2739 sustinet
965 2659 1086 2745 orbes.
1228 2727 1232 2733 .

168 2799 288 2880 Vobis
310 2798 524 2879 Mercurius
537 2816 641 2910 pater
654 2796 721 2895 est,
751 2824 869 2906 quem
884 2798 1041 2878 candida
1058 2798 1166 2880 Maia

168 2937 342 3047 Cyllenes
354 2936 479 3045 gelido
492 2944 719 3047 conceptum
731 2935 991 3018 vertice‘fudit.

167 3083 222 3165 At
244 3070 414 3179 Maiam,¹
433 3079 567 3160 auditis
585 3079 614 3158 si
631 3078 837 3188 quicquam
856 3078 1058 3178 credimus,
1081 3077 1202 3179 Atlas,

168 3223 277 3303 Idem
296 3220 403 3305 Atlas
417 3239 579 3332 generat,
610 3219 707 3301 coeli
718 3219 785 3330 qui
805 3219 921 3300 fidera
938 3218 1047 3301 tollit.
1147 3248 1227 3328 141

168 3363 228 3441 Sic
245 3388 361 3470 genus
373 3362 575 3443 amborum
586 3361 719 3442 scindit
738 3360 775 3440 se
794 3359 968 3469 sanguine
983 3358 1141 3443 ab.un'o.

164 3501 242 3593 His
255 3495 373 3587 fretus'
387 3530 464 3583 non
486 3503 637 3613 legatos,
666 3531 788 3624 neque
807 3503 928 3613 prima
946 3521 1142 3612 perattem

166 3639 418 3721 Tentamenta
430 3640 487 3722 mi
506 3641 650 3752 pepigi:
682 3668 758 3741 me,
789 3668 854 3723 me
872 3641 959 3752 ipse,
992 3667 1200 3751 meumque

168 3778 302 3888 Objeci
319 3798 444 3891 caput,
474 3798 513 3862 et
525 3779 683 3892 supplex
697 3780 744 3860 ad
762 3778 894 3860 limina
912 3781 1009 3864 veni.
1151 3805 1200 3887 14
1204 3806 1229 3891 5

158 3917 270 4001 'Gens
283 3918 431 4019 eedem,
460 3950 557 4032 quae
577 3941 627 4022 te,
657 3921 801 4003 crudeli
817 3922 967 4004 Daunia
981 3919 1082 4002 bello

164 4057 396 4171 insequiturz
421 4086 490 4141 nos
504 4061 533 4143 fi
547 4061 700 4173 pellant,
722 4061 819 4143 nihil
838 4063 966 4144 abfore
988 4061 1157 4158 credunt,

164 4200 271 4320 Qu
287 4224 446 4284 omnem
467 4198 688 4314 Hesperiam
704 4202 851 4315 penitus
869 4203 934 4287 sua
947 4201 1117 4313 subjuga
1138 4196 1232 4280 mie-

163 4410 169 4433 ,
343 4351 425 4422 tant
431 4373 448 4439 3
1179 4334 1231 4416 Et
