2872 5176
302 386 362 509 18
540 391 865 489 P.V1ncru11
900 391 1179 487 Msaonrs

298 588 427 673 Multa
445 621 535 674 cavo
548 591 650 674 lateri
668 592 909 700 ingeminant,
925 611 961 673 et
976 598 1125 703 pectore
1144 593 1263 678 vastos

297 732 561 830 Dant'sonitns,
578 747 745 839 erratque
754 758 857 811 aures
868 749 905 811 et
918 749 1086 841 tempora
1097 731 1243 817 circum
1269 759 1328 846 43
1337 761 1365 848 ς

298 873 439 954 Crebra
456 899 611 953 manus:
641 871 928 979 duro-crepitant
945 872 1013 952 sub
1028 872 1181 957 vulnere
1196 870 1335 965 malae.

301 1008 379 1089 Stat
390 1008 508 1117 gravis
525 1007 709 1105 Entellus,
721 1007 878 1116 nisuque
897 1010 1078 1090 immotus
1095 1011 1245 1109 eodem,
1287 1009 1291 1014 ’

299 1150 464 1258 Corpore
477 1147 549 1227 tela
565 1147 682 1227 modo
698 1163 809 1255 atque
829 1148 949 1230 oculis
964 1148 1198 1258 vigilantibus
1213 1150 1305 1239 exit.

298 1287 380 1386 Ille,
395 1289 497 1370 velut
507 1287 644 1369 celsam
656 1306 848 1396 oppugnat
859 1289 926 1395 qui
941 1289 1104 1371 molibus
1126 1292 1274 1391 urbem,
1300 1384 1305 1397 ¹

298 1431 380 1508 Aut
397 1445 573 1509 montana
589 1425 687 1508 sedet
707 1428 851 1508 circum
868 1428 1014 1509 castella
1030 1428 1099 1511 sub
1115 1431 1228 1515 armis
1237 1474 1251 1532 3
1273 1452 1369 1542 440,

226 1628 229 1633 ·
297 1568 342 1649 N
344 1597 416 1649 unc
433 1568 515 1665 hos,
530 1594 630 1649 nunc
645 1567 727 1649 illos
743 1567 874 1665 aditus,
890 1597 1122 1680 omnemque
1142 1589 1304 1682 pererrat

298 1711 392 1791 Arte
408 1709 549 1808 locum,
565 1727 604 1791 et
616 1709 721 1792 variis
737 1706 924 1791 affultibus
938 1710 1058 1791 irritus
1075 1726 1193 1821 urget.
1308 1730 1311 1735 ’

301 1853 474 1937 Ostendit
493 1854 662 1935 dextram
688 1850 876 1958 insurgens
895 1853 1076 1951 Entellus,
1097 1870 1136 1938 et
1159 1855 1234 1940 alte
1330 1830 1333 1837 Ι

300 1994 469 2076 Extulit:
500 1992 563 2074 ille
580 1991 921 2077 idtrunvenientem
934 2018 956 2075 a
970 1995 1104 2077 vertice
1115 1995 1232 2079 velox,

297 2136 502 2232 Praesidit,
510 2134 695 2246 celerique
708 2133 849 2242 elapsus
862 2160 1016 2245 corpore
1027 2134 1141 2221 ceffit.
1266 2155 1366 2249 443

290 2275 467 2358 Entellus
482 2275 576 2357 vires
595 2276 636 2355 in
647 2291 802 2355 ventum
820 2273 965 2373 effudit,
986 2293 1023 2356 et
1035 2274 1139 2358 'ultro

298 2413 380 2522 lpse
399 2415 515 2521 gravis
528 2414 759 2522 graviterque
769 2413 819 2493 ad
836 2431 972 2495 terram
990 2415 1154 2522 pondere
1171 2414 1273 2519 vallo

298 2552 498 2632 Concidit:
540 2568 583 2631 ut
615 2551 808 2659 quondam
839 2577 928 2631 cava
952 2553 1136 2651 concidit,
1172 2572 1241 2665 aut
1266 2557 1367 2666 Ery·

481 2689 652 2790 manth0,

297 2831 379 2909 Aut
396 2827 463 2910 Ida
477 2828 517 2911 in
534 2857 682 2938 magna,
704 2826 888 2909 radicibus
903 2845 1006 2909 eruta
1024 2830 1145 2939 pinus.

297 2970 534 3078 Consurgunt
550 2971 677 3051 studiis
693 2969 834 3051 Teucri
851 2986 889 3048 et
906 2969 1099 3051 Trinacria
1117 2970 1233 3078 pubes
1247 3001 1259 3053 ε
1273 2980 1378 3083 456.

299 3113 334 3192 It
354 3112 495 3192 clamor
512 3111 632 3208 coelo,
656 3109 872 3221 primusque
889 3112 1046 3192 accurrit
1065 3112 1231 3212 Acestes,

298 3256 620 3362 Aequaevumque
638 3252 685 3333 ab
703 3249 826 3333 humo
843 3250 1018 3332 miserans
1035 3253 1169 3334 attollit
1181 3253 1369 3341 ami'cttm.

299 3396 446 3474 Arnon
459 3392 618 3473 tardatus
635 3391 732 3492 casu,
750 3420 870 3500 neque
889 3394 1033 3473 territus
1050 3391 1180 3476 heros:
1280 3398 1286 3405 ’

298 3533 434 3629 Acrior
452 3532 499 3613 ad
516 3559 683 3642 pugnam
700 3531 806 3630 redit,
824 3559 868 3611 ac
889 3532 967 3612 vim
985 3528 1129 3612 suscitat
1146 3532 1214 3616 ira.

299 3675 409 3755 Tum
423 3673 543 3783 pudor
560 3672 724 3755 incendit
737 3671 843 3770 vires,
869 3687 906 3750 et
919 3670 1063 3751 conscia
1077 3671 1209 3754 virtus:
1274 3700 1303 3779 4
1307 3699 1333 3786 ς
1340 3701 1363 3787 5

299 3814 620 3922 Praecipitemque
639 3813 766 3892 Daren
781 3808 912 3891 ardens
934 3810 1009 3918 agit
1021 3836 1181 3918 aequore
1197 3827 1278 3890 toto
1287 3849 1303 3910 ς

258 4022 261 4029 .
301 3955 418 4035 Nunc
436 3952 564 4033 dextra
583 3951 814 4061 ingeminans
826 3951 933 4046 idus,
947 3976 1049 4030 nunc
1067 3949 1128 4030 ille
1150 3948 1304 4031 sinistra.

302 4097 389 4176 Nec
404 4120 521 4193 mora,
537 4094 606 4175 nec
617 4093 772 4204 requies.
800 4119 917 4200 quam
928 4091 1048 4172 multa
1053 4092 1233 4199 grandine
1241 4092 1368 4183 nimbi

272 4222 276 4229 ’
302 4232 540 4319 Culminibus
557 4231 759 4344 crepitant,
780 4232 830 4316 src
849 4231 967 4347 denfis
983 4230 1117 4317 idibus
1130 4229 1241 4315 heros

1226 4368 1372 4454 Creber
