2872 5176
255 324 320 420 66
449 331 1114 427 P.V1ac1n11Mnnonrs

205 589 209 596 ,
255 530 454 642 Responfis
471 531 624 615 horrent
636 535 781 634 divum,
798 553 835 614 et
848 533 1015 615 Maeotia
1031 531 1156 633 tellus,

254 671 307 750 Et
325 672 607 782 septemgemini
627 677 776 758 turbant
791 676 933 786 trepida
953 676 1045 756 ostia
1064 674 1162 758 Nili.
1237 673 1323 758 800

255 813 344 893 Nec
362 841 449 895 vero
463 814 616 901 Alcides
629 835 777 898 tantum
789 817 930 898 telluris
951 816 1079 912 obivit,

254 954 398 1036 Fbrerit
408 958 611 1068 aeripidem
623 988 771 1043 cervam
786 960 883 1055 licet,
898 931 962 1039 aut
982 955 1209 1068 Erymanthi

256 1092 400 1178 Pacarit
417 1126 582 1196 nemora,
602 1118 640 1179 et
656 1103 821 1180 Lernam
833 1099 1081 1180 tremefecerit
1093 1127 1194 1183 arcu.

255 1235 355 1333 Nec,
371 1240 438 1348 qui
453 1241 660 1353 pvnpineis
682 1242 799 1320 vietor
813 1242 907 1347 juga
927 1237 1042 1319 flectit
1058 1238 1213 1320 habenis
1265 1280 1268 1285 ·

175 1384 181 1396 “
257 1375 385 1475 Liber,
405 1406 516 1488 agens
533 1379 630 1462 celso
642 1380 755 1462 Nisae
768 1381 815 1460 de
827 1381 961 1459 vertice
974 1380 1095 1488 tigres.
1240 1376 1325 1488 805

256 1517 309 1598 Et
326 1519 542 1604 dubitamus
556 1523 680 1604 adhuc
693 1523 868 1602 virtutem
886 1517 1083 1601 extende're
1103 1518 1236 1600 fanis?

255 1661 339 1741 Aut
352 1678 475 1741 metus
488 1663 654 1744 Ausonia
668 1660 842 1773 prohibet
859 1660 1052 1743 constitere
1073 1665 1194 1742 terra?

319 1801 417 1909 Qis
433 1802 562 1912 procul
573 1801 636 1885 ille
653 1823 779 1885 autem
792 1803 904 1882 ramis
915 1801 1068 1909 infignis
1075 1799 1206 1902 olivae,

254 1943 364 2022 Sacra
375 1942 524 2027 ferens?
556 1943 671 2024 nosco
685 1943 802 2023 crines
816 1943 1021 2051 incanaque
1040 1961 1168 2022 menta
1188 2046 1191 2051 .

254 2081 372 2189 Regis
387 2083 553 2163 Romani
569 2124 581 2181 3
614 2078 757 2194 primus
774 2083 840 2191 qui
859 2081 1154 2191 legibuspurbem
1246 2082 1325 2164 810

254 2219 458 2320 Fundabit,
474 2222 636 2304 Curibus
652 2223 773 2334 parvis
788 2239 825 2302 et
841 2249 1000 2331 paupere
1022 2240 1117 2302 terra

175 2430 179 2436 .
255 2359 392 2461 Missus
412 2364 453 2444 in
468 2349 669 2472 imperium
683 2390 878 2471 magnum.
898 2362 962 2442 cui
974 2362 1109 2443 deinde
1124 2361 1273 2459 subibit,

257 2504 345 2582 Otia
363 2505 429 2610 qui
445 2524 597 2614 rumpet
611 2507 760 2614 patriae,
780 2505 982 2612 resrdesque
1001 2505 1169 2584 movebit
1247 2597 1251 2601 .

256 2644 395 2724 Tullus
415 2644 453 2724 in
470 2672 576 2725 arma
589 2645 699 2748 viros,
717 2663 755 2725 et
768 2646 850 2753 jam
871 2646 1016 2725 desueta
1034 2644 1234 2754 triumphis

256 2788 437 2896 Agmina.
452 2788 678 2897 quemjuxta
692 2787 855 2896 sequitur
865 2788 1206 2896 ja&antiorAncus,
1241 2789 1289 2872 81
1303 2820 1326 2900 5

256 2931 374 3012 Nunc
405 2959 559 3038 quoque
581 2932 664 3037 jam
695 2928 862 3011 nimium
893 2930 1056 3037 gaudens
1088 2929 1329 3040 popularibus

438 3094 549 3150 auris.

255 3205 327 3287 Vis
343 3223 380 3285 et
396 3206 623 3315 Tarquinios
641 3234 757 3316 reges,
777 3207 1018 3314 animamque
1040 3206 1236 3317 superbam

257 3345 404 3423 Ultoris
414 3346 531 3441 Bruti,
554 3344 740 3454 fascesque
757 3346 882 3429 videre
897 3351 1090 3454 receptos?

255 3482 425 3563 Consulis
443 3485 645 3592 imperium
658 3485 723 3565 hic
741 3485 885 3595 primus
899 3485 1089 3594 saevasque
1105 3486 1247 3567 secures

254 3625 451 3732 Accipiet:
483 3625 660 3734 natosque
678 3645 793 3736 pater,
810 3654 908 3707 nova
919 3626 1017 3706 bella
1032 3627 1328 3720 moventes‚820

251 3767 317 3845 Ad
335 3794 496 3875 poenam
509 3764 666 3874 pulchra
686 3797 755 3877 pro
771 3768 936 3848 libertate
954 3766 1113 3861 vocabit,

253 3905 403 3984 lnselix.
432 3922 622 4014 utcunque
647 3904 767 3988 serent
784 3933 828 3989 ea
848 3907 945 3988 sacia
968 3907 1143 4000 minores,

255 4041 392 4119 Vincet
409 4069 516 4121 amor
533 4045 684 4152 patriae,
711 4044 943 4157 laudumque
962 4045 1145 4127 immensa
1161 4043 1313 4154 cupido.

252 4181 357 4285 Quin
371 4182 523 4282 Decios,
539 4183 752 4296 Drusosque
768 4187 914 4297 procul,
930 4189 1156 4299 saevumque
1168 4184 1285 4265 securi

1068 4364 1072 4375 ·
1189 4320 1340 4430 'Aspice
