2872 5176
255 301 357 401 ⁸34
446 266 499 371 Ρ.
532 270 806 377 Vmorrrr
838 272 1114 381 Maioma

248 471 428 572 Classem,
458 495 557 583 quat
572 471 902 563 lateri'eestrorum
914 476 1087 588 adjuncta
1100 479 1287 589 latobaq.

248 614 467 727 'Aggeribus
482 615 623 729 septam
640 617 786 703 circum
803 635 841 701 et
858 617 1070 711 fluvialibus
1090 627 1219 735 undis,
1267 661 1333 750 7⁰

252 758 417 859 Invadit,
446 756 637 868 sociosque
653 759 825 847 incendia
845 759 963 870 poscit
982 781 1160 866 ovantes-5

248 894 384 1009 'Atque
401 925 563 981 manum
575 900 671 1010 pinu
687 898 858 1011 flagranti.
873 898 1039 985 fervidus
1055 904 1203 1016 implet.

98 1126 102 1133 ,
186 1092 200 1117 .
246 1039 721 1149 ²(lurnveroiucumbuuu
749 1058 857 1151 urget
873 1041 1075 1153 praeseutia
1085 1047 1234 1150 Taenia

249 1173 384 1295 'Atque
397 1186 523 1266 omnia
531 1183 679 1269 facibus
693 1185 811 1295 pubes
821 1184 1026 1295 accingitur
1043 1189 1142 1274 atria.

251 1326 457 1450 Diripuere
472 1325 597 1406 focos:
628 1325 782 1434 piceum
794 1324 866 1407 sert
878 1324 1028 1411 funfida
1042 1328 1175 1415 lumen
1263 1360 1293 1448 7
1299 1360 1328 1449 3

249 1462 398 1574 ffaeda,
427 1483 466 1546 ot
481 1463 723 1551 commistam
735 1464 927 1549 Volcanus
937 1469 985 1549 ad
1003 1469 1098 1560 astra
1114 1468 1297 1563 favillam.

122 1598 126 1605 ’
313 1604 533 1713 Qiadoua,
553 1602 737 1703 omusae,
762 1605 960 1695 tamsaeva
977 1607 1152 1695 incendia
1164 1614 1327 1711 Teucria

248 1736 427 1828 'Avertitt
454 1758 577 1829 tantos
592 1746 733 1831 ratibus
751 1748 836 1863 quis
854 1747 999 1858 depulit
1012 1750 1140 1861 ignea?

250 1886 392 1993 Dicite.
419 1883 641 1996 pristaldos
659 1885 773 1986 fauo,
800 1886 863 1967 sed
882 1887 984 1969 fama
1001 1895 1184 2003 perennia.

312 2028 510 2139 Tempore
526 2052 606 2135 quo
622 2026 793 2137 primum
812 2025 976 2139 Phrygia
992 2031 1183 2127 formabat
1196 2037 1237 2119 iu
1255 2038 1327 2129 Ida

247 2140 403 2247 'Aeneae
418 2148 585 2251 elasam.
611 2168 650 2231 et
661 2149 786 2260 pelagi
800 2169 925 2261 petere
942 2152 1017 2237 alta
1035 2159 1187 2269 parabat
1193 2201 1210 2260 5
1265 2163 1318 2251 81

247 2292 335 2404 Ipsa
344 2292 462 2383 deam
478 2290 597 2379 senor
611 2291 781 2401 genetrix
796 2291 1042 2402 Berecynthia
1060 2325 1247 2410 magnum

245 2432 494 2523 ‚vociburhis
504 2430 615 2515 affata
630 2433 787 2541 Jovem:
819 2434 881 2536 da,
900 2454 999 2535 nate,
1029 2443 1193 2551 petentia
1313 2547 1318 2555 .

246 2575 369 2675 Quod
386 2591 450 2655 tua
467 2600 552 2654 cara
564 2599 694 2682 parens
709 2574 856 2655 domito
876 2591 913 2656 te
931 2575 1049 2686 poscit
1066 2580 1236 2695 olympo.

239 2719 365 2807 'Pinea
375 2715 463 2800 filva
473 2713 583 2814 mihi,
616 2715 756 2797 multos
769 2715 902 2796 dileaa
912 2745 980 2827 per
993 2747 1125 2822 annos,
1260 2726 1284 2810 8
1290 2755 1317 2841 5

247 2860 378 2945 Lucus
392 2859 432 2939 in
452 2883 533 2938 arce
545 2854 619 2938 fuit
636 2857 796 2955 summa,
825 2886 902 2967 quo
915 2858 1013 2943 sacra
1026 2859 1207 2969 ferebant,

247 2998 426 3108 Nigranti
449 2997 553 3106 picea
571 2995 808 3105 trabibusque
830 2995 1006 3081 obscurus
1024 3004 1178 3086 acernis.

82 3200 89 3213 .
247 3139 331 3229 Has
350 3164 421 3245 ego
435 3134 626 3215 Dardanio
641 3135 783 3242 juveni,
815 3162 907 3215 cum
925 3135 1043 3217 claffis
1061 3158 1198 3249 egeret,

247 3279 365 3360 Laeta
380 3274 486 3355 dedi:
519 3302 619 3355 nunc
639 3274 833 3356 sollicitam
851 3276 964 3357 timor
982 3278 1112 3361 anxius
1124 3281 1236 3390 angit.

248 3417 358 3498 Solve
371 3432 505 3510 metus,
513 3431 625 3522 atque
637 3412 711 3493 hoc
722 3414 893 3525 precibus
904 3416 980 3499 fine
990 3418 1091 3527 posse
1101 3439 1319 3531 parentem

246 3561 341 3644 Neu
354 3557 461 3638 cursu
475 3555 656 3666 quassatae
675 3555 765 3656 ullo,
797 3584 872 3639 neu
889 3556 1036 3642 turbina
1053 3562 1154 3649 venti
1258 3595 1312 3677 9¹

248 3701 482 3811 vincantur„
501 3697 616 3807 prosit
633 3694 764 3777 nostris
781 3695 822 3779 in
839 3696 1030 3778 montibus
1043 3719 1153 3787 ortas.
1231 3796 1233 3801 ,

247 3841 366 3922 Filius
385 3837 626 3937 huiocontra,
657 3855 805 3948 torquet
819 3839 888 3951 qui
903 3838 1193 3931 fideramundi:

247 3983 289 4062 Ο
307 3979 487 4089 genetrix,
517 4006 596 4088 quo
610 3977 684 4071 fata
699 3983 832 4062 vocas?
851 3995 915 4063 aut
932 3979 1026 4091 quid
1041 3983 1136 4105 petis
1148 3982 1254 4073 istis?

238 4118 448 4212 Mortaline
460 4145 578 4209 manu
596 4118 714 4203 fatue
731 4121 944 4211 immortale
959 4121 1108 4219 catinae
1255 4157 1282 4244 9
1288 4155 1314 4249 ς

367 4252 373 4266 ’
1239 4266 1275 4348 F
1275 4291 1317 4349 ar
