2872 5176
367 325 1046 472 Aunrrnor.L1r.Vl·
1166 362 1231 461 39

147 531 442 644 Qodminime
459 533 560 631 reris,
578 506 694 644 Graja
713 531 897 645 pandetur
914 532 964 616 ab
982 533 1088 620 urbe.

107 776 111 781 Λ
143 675 304 759 Talibus
321 704 371 759 ex
387 675 502 787 adyto
517 673 627 756 diois
640 676 810 756 Cumaea
827 673 969 784 Sibylla

143 818 360 901 Horrendus
379 819 481 900 canit
498 816 688 926 ambages,
708 834 890 927 antroque
915 817 1094 929 remugit,

141 959 321 1043 Obscuris
341 988 428 1042 vera
440 958 644 1043 involvens.
677 986 721 1041 ea
737 957 843 1041 frena
859 957 999 1042 furenti
1140 982 1234 1071 roo
1274 932 1279 941 .

140 1100 332 1200 concutit,
352 1120 390 1184 et
414 1099 587 1183 stimulos
602 1099 671 1182 sub
688 1103 841 1213 pestore
861 1101 972 1184 vertit
984 1097 1141 1212 Apollo

140 1241 197 1323 Ut
216 1244 387 1354 primurn
406 1243 510 1326 ceffit
525 1243 644 1344 furor,
665 1262 703 1327 et
725 1243 856 1327 rabida
873 1272 937 1328 ota
954 1243 1164 1353 quierunt,

88 1401 91 1406 ’
140 1381 278 1496 Incipit
295 1387 441 1466 Aeneas
460 1384 600 1470 herm:
629 1415 708 1495 non
731 1385 809 1469 ulla
826 1385 1016 1487 laborum,
1057 1453 1059 1458 .
1103 1455 1106 1459 .

140 1525 179 1606 0
195 1526 314 1637 virgo,
326 1555 424 1612 nova
445 1527 501 1608 mi
518 1527 633 1611 facies
646 1529 845 1641 inopinave
862 1528 1006 1640 surgit:
1021 1533 1029 1545 '

141 1667 284 1752 Omnia
299 1671 482 1780 praecepi,
507 1688 620 1782 atque
635 1673 767 1755 animo
779 1698 936 1755 mamm
951 1689 1038 1755 ante
1048 1669 1192 1784 peregi

140 1810 276 1893 Unum
295 1840 363 1894 oro
374 1852 388 1911 3
407 1813 561 1924 quando
578 1811 643 1896 hic
661 1814 796 1898 inferni
806 1817 923 1926 janua
935 1815 1036 1929 regie
1134 1815 1222 1902 106

140 1950 302 2057 Dicitur,
322 1969 360 2034 et
377 1954 569 2037 tenebrosa
585 1956 692 2067 palus
710 1954 929 2040 Acheronte
953 1955 1104 2042 resusor
1123 2046 1130 2056 ,

139 2088 198 2172 lre
222 2091 272 2173 ad
287 2091 532 2203 'conspeslum
550 2092 655 2189 chari
680 2096 857 2206 genitoris
875 2116 915 2178 et
939 2124 1007 2197 ora
1162 2128 1166 2134 ·

139 2229 370 2340 Contingat:
402 2231 548 2314 doceas·
560 2232 641 2335 iter,
664 2251 702 2313 et
722 2234 820 2313 sacra
837 2233 931 2315 ostie
949 2231 1101 2342 pandas.

137 2368 256 2451 Illum
276 2398 346 2480 ego
365 2397 432 2480 per
446 2367 622 2455 flammas
637 2386 677 2453 et
700 2369 807 2453 mille
826 2370 1018 2481 sequentia
1033 2368 1108 2452 tela
1142 2382 1215 2453 110
1389 2458 1391 2462 ,

138 2510 271 2626 Eripui
291 2512 351 2594 his
371 2511 555 2613 humeris,
582 2512 966 2624 medioque'exhoste
975 2511 1124 2624 recepi:

139 2649 209 2732 Ille
225 2681 359 2736 meum
375 2655 576 2739 comitatus
587 2654 672 2755 iter,
696 2655 815 2761 maria
828 2657 959 2741 omnia
971 2681 1142 2752 mecum,
1247 2700 1252 2715 ¹

73 2899 77 2905 ὁ
136 2792 264 2900 Atque
277 2822 410 2878 omnes
419 2793 619 2907 pelagique
632 2794 753 2877 minas
770 2796 942 2906 coelique
954 2795 1102 2878 ferebat

139 2935 342 3034 Invalidus,
361 2938 455 3019 vires
469 2939 564 3019 ultra
579 2938 791 3046 sortemque
813 2938 1014 3019 senes’tae..
1073 3022 1078 3033 „
1136 3010 1139 3014 ,

137 3078 256 3186 Quin,
275 3099 318 3162 ut
333 3099 369 3161 te
384 3080 542 3193 supplex
555 3099 735 3192 peterem,
747 3098 785 3163 et
797 3097 862 3162 tua
874 3079 1008 3163 limina
1023 3076 1182 3179 adirem,
1209 3102 1219 3117 ⁸

133 3219 242 3302 Idem
255 3251 364 3304 orans
377 3223 683 3306 mandatadabat.
715 3222 867 3333 natique
877 3222 1077 3336 patrisque,
1129 3217 1207 3307 11⁶

10 3460 16 3471 ι
138 3360 268 3462 Alma,
305 3390 449 3474 precor,
478 3364 677 3449 asserere:
722 3358 828 3475 potes
858 3390 1029 3475 namque
1047 3364 1216 3463 omnia,
1275 3378 1279 3384 ’

322 3531 394 3586 nec
419 3524 490 3588 ie
1033 3574 1037 3582 ·

135 3642 408 3754 Nequicquam
425 3644 531 3729 lucia
537 3645 684 3733 Hecate
699 3576 878 3757 praefecit
894 3578 1069 3737 Auernis.

10 3848 13 3861 .
136 3784 173 3865 Si
188 3789 312 3895 potuit
328 3815 460 3879 manee
469 3790 646 3875 arcessere
664 3789 834 3901 conjugis
855 3789 1049 3902 Orpheus,

135 3927 318 4013 Threicia
334 3930 451 4015 fretur
467 3931 609 4016 cithara
627 3933 840 4044 fidibusque
855 3935 1027 4031 canoris:
1128 3958 1212 4020 120

136 4070 175 4151 si
193 4072 346 4158 fratrem
363 4075 502 4160 Pollux
518 4077 659 4159 alterna
686 4095 809 4159 morte
826 4075 999 4173 redemit,

134 4213 244 4332 Itque
258 4217 543 4334 reditqueviarn
565 4219 686 4425 totilqs.
714 4218 809 4329 quid
823 4216 985 4321 Thesea,
970 4243 1221 4444 ’magntuQmid

700 4370 805 4452 4
