2872 5176
369 316 744 432 Aruernos.
796 335 920 427 Lrn.
956 336 1037 433 V1.
1157 336 1221 463 65

154 541 209 623 Hi
225 540 294 620 tibi
310 542 613 635 Nomentum,et
627 538 782 632 Gabios,
797 539 1005 648 urbemque
1019 537 1216 640 Fidenam,

150 680 204 761 Hi
221 680 424 762 Collatinas
442 681 637 791 imponent
656 680 846 761 montibus
863 707 976 777 arces,
1127 712 1218 795 774

148 818 350 916 Pometios,
370 820 618 927 Castrumque
631 821 732 916 lnu‘r',
742 818 962 929 Bolamque,
970 820 1198 931 Coramque.

149 957 255 1039 Haec
284 978 369 1039 turn
395 961 549 1041 nomina
579 978 699 1063 erunt,
726 987 828 1040 nunc
852 959 938 1041 sunt
964 959 1040 1043 fine
1064 961 1218 1044 nomino

331 1116 457 1182 terrae.

141 1238 250 1347 -ern
268 1256 307 1320 et
323 1266 392 1321 avo
409 1241 592 1322 comitem
609 1240 681 1322 sese
694 1240 906 1325 Mavortius
922 1240 1033 1331 addet

145 1376 348 1483 Romulus,
361 1383 523 1465 Affaraci
544 1412 661 1493 quem
675 1383 859 1493 sanguinis
870 1382 939 1464 Ilia
955 1402 1075 1465 mater

144 1516 302 1605 Educet.
333 1522 455 1604 viden’
475 1542 517 1605 ut
534 1525 705 1633 geminae
723 1525 817 1605 stant
834 1526 970 1606 vertice
990 1524 1131 1621 cristae,

143 1654 195 1736 Et
207 1642 311 1767 pater
328 1660 405 1771 ipse
417 1662 483 1745 suo
492 1662 665 1773 superum
678 1665 760 1771 jam
771 1659 1061 1772 fignathonore?
1120 1660 1210 1776 780

143 1796 219 1898 En,
237 1797 360 1910 hujus,
374 1821 470 1902 nate,
489 1804 655 1915 auspiciis
669 1803 732 1886 illa
747 1796 886 1913 inclyta
903 1804 1032 1884 Roma
1311 1797 1314 1801 ’

140 1938 350 2051 Imperium
372 1947 487 2042 terris,
506 1946 652 2027 animos
665 1945 840 2056 aequabit
857 1944 1041 2055 olympo,

140 2082 367 2195 septemque
382 2115 456 2168 una
473 2088 541 2168 fibi
560 2116 671 2167 muro
688 2088 920 2168 circundabit
934 2114 1048 2182 arces,

139 2218 250 2301 Felix
269 2220 373 2330 prole
392 2227 528 2302 virum.
557 2223 677 2331 qualis
696 2222 942 2331 Berecynthia
963 2237 1082 2301 mater

139 2357 336 2440 Invehitur
349 2387 460 2440 curru
474 2357 653 2469 Phrygias
665 2361 794 2440 turrita
809 2388 877 2471 per
894 2359 1015 2464 urbes,
1120 2359 1176 2474 78
1184 2389 1209 2473 5

138 2502 255 2583 Laeta
273 2501 389 2582 deum
406 2521 526 2613 partu,
546 2521 700 2583 centum
714 2502 913 2613 complexa
932 2519 1097 2616 nepotes,

139 2642 285 2723 Omnes
302 2642 508 2742 coelicolas,
529 2672 660 2726 omnes
675 2644 802 2755 supera
815 2645 888 2731 alta
901 2664 1077 2730 tenentes.

139 2777 243 2880 Huc,
260 2782 427 2888 geminas
444 2780 520 2864 huc
533 2783 641 2864 flesto
656 2783 771 2864 acies:
803 2780 902 2863 hanc
922 2784 1040 2891 aspice
1056 2800 1210 2892 gentem

139 2917 404 3030 Romanosque
425 2940 520 3004 tuos.
553 2922 617 3001 hic
636 2921 779 3018 Caesar,
800 2940 837 3001 et
850 2925 973 3002 omnis
987 2921 1060 3003 liili

136 3056 347 3168 Progenies,
367 3089 553 3170 magnum
570 3058 666 3140 coeli
680 3077 831 3140 ventura
850 3060 917 3141 sub
931 3088 1055 3142 axem.
1119 3087 1206 3174 790

134 3196 216 3307 Hic
228 3199 296 3295 vir,
314 3196 378 3279 hic
389 3200 455 3299 est,
474 3200 541 3280 tibi
554 3226 672 3308 quem
685 3201 852 3307 promitti
870 3198 1009 3311 saepius
1027 3201 1145 3302 audis,

136 3336 329 3447 Augustus
343 3339 487 3439 Caesar,
506 3338 638 3420 divum
656 3366 797 3447 genus:
828 3344 937 3420 aure'a
954 3340 1091 3423 condet

137 3474 290 3558 Saecula
302 3477 368 3587 qui
387 3478 508 3559 rursus
521 3479 643 3577 Latio,
662 3497 811 3586 regnata
828 3505 895 3587 per
912 3508 997 3561 arva

135 3615 293 3696 Saturno
313 3617 520 3725 quondam,
539 3618 646 3726 super
660 3635 698 3696 et
710 3619 953 3698 Garamantas
971 3636 1009 3698 et
1021 3619 1134 3699 lndos

135 3752 302 3833 Proferet
320 3754 536 3864 imperium.
564 3756 663 3863 jacet
680 3773 782 3851 extra
802 3753 917 3833 fidera
934 3754 1054 3852 tellus,
1117 3756 1172 3868 pb
1182 3781 1203 3863 ς

136 3890 254 3972 Extra
269 3893 357 3972 anni
379 3893 533 4004 solisque
552 3896 638 3992 vias,
666 3894 732 3974 ubi
752 3892 902 3974 coelifer
921 3892 1025 3973 Atlas

133 4031 264 4110 Axem
282 4029 442 4115 humero
469 4053 617 4144 torquet
635 4032 746 4115 stellis
764 4033 975 4114 ardentibus
992 4049 1135 4142 aptum.

133 4169 261 4277 Hujus
277 4170 317 4250 in
331 4172 534 4258 adventum
547 4174 631 4285 jam
645 4187 794 4293 nuncet
806 4169 937 4283 Caspia
953 4195 1067 4277 regna

163 4310 318 4433 'fsqnn
350 4310 401 4393 II.
650 4310 685 4390 F
1019 4301 1213 4418 Responfis
