2872 5176
339 428 438 529 116
526 428 578 521 P.
612 422 893 521 Vrnorrrr
930 423 1215 521 Manours

334 630 496 715 Talibus
512 630 607 710 inter
623 627 660 710 se
673 627 782 707 diuis
793 626 842 707 ad
860 629 957 707 testa
972 625 1146 708 subibant

335 770 515 880 Pauperis
535 768 713 867 Evandri,
727 764 935 878 passimque
948 784 1117 847 armenta
1130 766 1306 851 videbant
1318 769 1407 880 360

336 914 592 1019 Romanoque
610 907 693 989 soro
711 925 750 987 et
765 904 873 986 lautis
888 906 1034 1015 mugire
1046 906 1204 992 Casinis.

334 1054 399 1133 Ut
416 1067 574 1134 uentum
591 1048 640 1129 ad
661 1047 783 1144 sedes;
814 1044 921 1142 haec,
940 1044 1075 1154 inquit,
1096 1046 1229 1128 limina
1247 1048 1365 1129 vietor

340 1192 496 1277 Alcides
512 1190 643 1286 subiit,
674 1186 768 1268 haec
787 1184 898 1267 illum
917 1186 1016 1293 regia
1035 1185 1146 1293 cepit.

341 1333 468 1428 Aude,
481 1328 625 1438 hospes,
632 1344 873 1409 contemnere
883 1350 986 1434 opes,
992 1339 1032 1404 et
1042 1340 1078 1403 te
1090 1352 1243 1434 quoque
1251 1326 1414 1435 dignum

341 1470 464 1578 Finge
480 1468 565 1565 deo,
585 1464 767 1574 rebusque
777 1463 862 1543 veni
874 1490 952 1543 non
963 1462 1065 1571 asper
1085 1465 1221 1571 egenis.
1321 1472 1411 1578 365

343 1608 467 1705 Dixit,
484 1622 522 1687 et
535 1603 680 1713 angusti
700 1602 822 1683 subter
833 1601 977 1710 fastigia
994 1602 1082 1681 teui

343 1752 545 1859 Ingentem
570 1749 725 1827 Aenean
737 1744 859 1841 duxit,
887 1742 1075 1852 stratisque
1095 1743 1243 1846 locavit,

345 1886 653 1971 Effultumsoliis
670 1905 708 1967 et
725 1883 821 1995 pelle
834 1884 1035 1991 Libystidis
1049 1885 1162 1967 ursae.

340 2082 347 2095 ·
407 2028 503 2110 Nox
520 2027 606 2123 ruit,
634 2044 672 2106 et
684 2024 793 2106 fuscis
803 2023 976 2104 tellurem
996 2024 1232 2134 amplectitur
1251 2027 1328 2112 alis.

349 2172 406 2252 At
416 2167 547 2257 „Venus
560 2163 664 2246 haud
675 2165 803 2246 animo
816 2165 1072 2273 nequicquam
1088 2168 1259 2247 exterrita
1282 2186 1413 2271 mater,

347 2310 656 2414 Laurentumque
675 2304 787 2384 minis
798 2320 835 2385 et
851 2302 947 2382 duro
960 2320 1064 2382 mota
1078 2304 1258 2403 tumultu,
1324 2339 1409 2423 37¹

347 2448 566 2529 Volcanum
603 2443 819 2554 alloquitur,
854 2441 1096 2553 thalamoque
1128 2443 1221 2527 haec
1248 2450 1417 2559 conjugis

362 2642 370 2669 2
534 2612 647 2666 aureo

348 2727 499 2839 Incipit,
530 2743 568 2807 et
586 2726 694 2807 dietis
706 2725 878 2806 divinum
897 2725 1028 2837 aspirat
1038 2754 1230 2813 amorem:

349 2871 460 2951 Dum
473 2866 573 2951 bello
592 2866 761 2976 Argolici
781 2864 969 2947 vastabant
986 2866 1167 2978 Pergama
1184 2895 1286 2980 reges

347 3012 503 3111 Debita,
526 3008 740 3116 casurasque
753 3008 914 3089 inimicis
926 3008 1072 3117 ignibus
1084 3037 1205 3110 arces;
1328 3042 1414 3131 375

347 3148 445 3229 Non
459 3146 583 3228 ullum
600 3145 782 3226 auxilium
796 3142 949 3244 miseris,
982 3174 1058 3227 non
1075 3175 1178 3227 arma
1191 3150 1317 3259 rogavi

346 3289 454 3369 Artis
471 3287 625 3398 opisque
644 3304 748 3366 tuae:
780 3303 916 3382 necte,
936 3284 1116 3367 cariffime
1133 3292 1285 3398 conjux,

349 3428 582 3510 Incassumve
603 3444 687 3506 tuos
704 3424 806 3505 volui
818 3452 990 3505 exercere
1008 3424 1177 3511 labores:

349 3570 535 3681 Qamvis
549 3588 588 3650 et
603 3568 743 3649 Priami
761 3566 937 3647 deberem
950 3565 1114 3675 plurima
1129 3571 1235 3668 natis,

348 3711 404 3793 Et
420 3712 559 3793 durum
578 3712 728 3791 Aeneae
744 3707 923 3789 fleviffem
940 3708 1045 3816 saepe
1067 3708 1246 3791 laborem.
1330 3711 1417 3821 380

349 3851 481 3949 Nunc,
497 3853 601 3959 Jovis
612 3849 783 3961 imperio,
806 3847 1037 3929 Rutulorum
1057 3850 1221 3930 constitit
1234 3852 1326 3931 oris:

350 3992 453 4100 Ergo
465 3992 597 4073 eadem
612 3988 768 4099 supplex
785 3987 907 4084 venio,
929 4005 967 4068 et
985 3987 1153 4068 sanctum
1168 3988 1266 4069 mihi
1278 4018 1422 4073 numen

351 4134 473 4211 Arma
490 4159 594 4241 rogo,
617 4130 777 4239 genitrix
795 4144 895 4211 nato.
927 4144 964 4209 te
982 4124 1059 4208 filia
1072 4129 1203 4228 Nerei,

350 4272 413 4352 Tc
425 4270 546 4381 potuit
559 4266 734 4379 lacrymis
753 4263 936 4350 Tithonia
955 4265 1101 4353 flectere
1120 4269 1269 4377 conjux.

1269 4400 1421 4515 Aspice,
