2872 5176
204 372 298 477 252
391 340 442 444 P.
474 342 738 440 Vrno'r'nrr
773 348 1071 453 Man-ordre

146 619 149 625 .
192 548 414 650 Arboribus,
445 544 679 658 stragemque
689 542 797 647 'satira
826 556 1069 640 ruetomnia
1082 558 1188 644 late:
1244 567 1269 621 ·'

82 692 89 705 ’
193 697 297 779 Ante
306 690 443 787 volant,
456 688 692 799 sonitumque
709 688 835 773 serunt
848 695 899 775 ad
913 694 1032 781 litora
1053 704 1178 788 venti.
1186 731 1213 812 4
1216 720 1264 820 5'5

190 833 299 919 Talia
315 832 356 913 in
371 830 687 913 adversosdudior
706 830 917 927 Rhoeteius
926 833 1066 921 hoster

190 974 344 1083 Agmen
359 970 462 1078 agit:
491 968 729 1059 denficuneis
742 969 778 1050 se
794 972 1121 1081 quisquecoaetie

151 1206 155 1215 ,
180 1109 473 1237 Agglomerant.
515 1107 602 1190 serit
618 1107 703 1189 ense
719 1136 869 1218 gravem
887 1112 1260 1225 Thymbraeum

370 1278 464 1333 run:

187 1389 414 1475 Archetium
428 1385 663 1492 Mnestheus,
683 1355 898 1497 Epulonem
911 1348 1126 1482 obtruncat
1134 1404 1258 1489 Ache.

170 1543 570 1776 ’Πὶωῑοωὲῑὲῦμ
600 1664 699 1745 cadit
717 1662 1041 1775 ipseTolumniua
1057 1574 1261 1791 anagasti-5⁹.

182 1809 335 1894 Primus
348 1807 388 1887 in
404 1802 570 1886 adversos
584 1802 704 1883 telum
722 1803 789 1912 qui
807 1804 956 1905 torserat
968 1805 1120 1900 hoste&

54 1942 59 1956 '
183 1947 351 2031 Tollitur
369 1945 409 2025 in
422 1943 1144 2054 coelumclam013verfiqueviciffim
1251 1970 1257 1979 '

181 2084 445 2170 Pulverulenta
463 2081 699 2192 fuga'Rutuli
712 2083 802 2162 dant
814 2102 914 2194 terga
930 2116 997 2198 per
1009 2122 1151 2205 agros,
1188 2124 1192 2131 ·

181 2228 265 2342 Ipse
277 2253 399 2338 neque
411 2224 550 2307 aversos
565 2224 736 2334 dignatur
749 2224 906 2306 sternere
922 2235 1041 2323 morti
1048 2274 1064 2333 3

181 2368 270 2453 Nee
286 2366 381 2479 pede
396 2364 602 2473 congressos
618 2391 752 2473 aequo,
782 2392 852 2445 nec
869 2366 943 2448 teba
954 2369 1125 2461 ferentes
1147 2390 1251 2499 :4⁶5

180 2508 417 2617 Insequitur:
448 2503 568 2586 solum
582 2504 744 2585 densain
758 2503 917 2613 caligine
927 2509 1117 2599 Turnum
1161 2554 1165 2561 -
1247 2576 1252 2581 .

178 2635 527 2756 Vestigat'lustrans,
558 2642 679 2723 solum
698 2644 738 2723 in
758 2645 957 2725 certamina
971 2650 1108 2757 poscit.

240 2787 331 2869 Hoc
343 2783 514 2864 conculsa
527 2800 631 2862 metu
644 2799 811 2861 meatem
824 2783 981 2888 juturna
994 2789 1131 2903 virago

178 2925 366 3032 Aurigam
380 2921 505 3002 Turni
527 2919 651 3001 media
670 2920 763 2999 inter
776 2920 853 3000 lora
871 2922 1079 3012 Metiscum

176 3064 345 3160 Excutit,
376 3078 413 3142 et
426 3061 535 3167 longe
555 3059 698 3168 lapsum
716 3077 865 3141 temone
878 3061 1067 3173 relinquit,
1148 3098 1241 3189 ¹470

175 3204 258 3313 ipsa
275 3202 382 3298 subit,
401 3199 644 3307 manibusque
662 3198 840 3279 undantes
857 3197 972 3281 flectit
990 3202 1176 3311 habenas,

175 3344 321 3422 Cuncta
335 3367 475 3447 gerens,
489 3365 710 3445 vocemque,
732 3354 769 3416 et
787 3364 932 3447 corpus,
958 3358 997 3422 et
1015 3371 1125 3428 arma
1147 3351 1240 3434 Me.

358 3476 449 3559 tisci.

174 3617 298 3727 Nigra
310 3615 411 3698 velut
430 3642 582 3723 magnas
599 3613 742 3695 domini
761 3616 991 3714 cuquivitis
1007 3620 1119 3706 aedes
1237 3674 1244 3683 ·

174 3756 358 3856 Pervolat,
388 3774 425 3837 et
437 3757 565 3867 pennis
577 3753 650 3834 alta
662 3755 751 3837 atria
762 3754 902 3852 lustrat,
938 3755 1116 3860 hirundo,

173 3898 315 3982 Pabula
327 3925 437 4009 parva
449 3897 571 4004 legens
588 3896 753 4004 nidisque
766 3894 982 4003 loquacibus
999 3900 1122 3984 escas:
1143 3931 1205 4019 47
1211 3936 1236 4019 5

172 4040 225 4120 Et
238 4066 338 4120 nunc
356 4037 558 4149 porticibus
569 4037 704 4134 vacuis,
735 4063 837 4116 nunc
848 4035 1007 4121 humida
1022 4042 1175 4128 circum
1234 4064 1239 4077 ·

173 4181 318 4290 Stagna,
348 4175 463 4263 sonat.
492 4175 618 4261 finiilis
630 4173 774 4263 medios
790 4173 949 4287 Juturna
966 4176 1177 4291 perbostes
1207 4204 1238 4257 .·

1096 4322 1237 4411 Fertur
