2872 5176
326 309 995 412 sAnuernoeru-XI.
1102 339 1196 433 2¹3

139 521 268 630 Argue
284 532 342 620 tu,
371 521 544 600 Drance:
560 514 726 626 'quando
739 530 794 594 tot
814 511 941 621 stragis
957 538 1105 594 acervos

139 659 589 741 Teucrorumtuadcxtra
599 655 714 751 dedit,
722 651 929 763 puffimque
942 651 1165 763 tropaeis38
1169 675 1194 760 ς

136 796 293 906 Infignis
304 822 423 905 agror.
454 795 562 907 poffit
580 793 673 902 quid
690 791 812 872 vivida
824 794 951 889 virtus,
1180 860 1185 869 .

135 938 337 1046 Experiare
355 936 465 1018 licet:
497 963 566 1017 nec
585 933 694 1043 longe
711 933 848 1014 scilicet
858 930 982 1014 hostes
1059 1013 1066 1028 ,
1178 952 1182 959 “

135 1078 487 1184 Quauendinobis:
520 1074 758 1157 circumstant
773 1074 1095 1183 undiquemuros.'

134 1219 240 1298 Imus
258 1218 298 1297 in
311 1217 498 1299 adversos?
526 1216 619 1325 quid
632 1213 774 1297 cessas?-
795 1241 847 1294 an-
860 1213 929 1295 tibi
947 1214 1101 1297 Mavors

133 1355 348 1438 Ventosain
368 1355 495 1466 lingua
509 1354 736 1465 pedibusque
749 1351 943 1462 fugacibus
955 1351 1036 1437 istic
1103 1381 1191 1466 390

133 1497 288 1609 Semper
301 1498 396 1578 erit?

134 1636 264 1727 Pulsus
278 1641 372 1745 ego?
402 1654 466 1716 aut
482 1633 680 1743 quisquam
698 1634 846 1730 moritu,
864 1631 1086 1732 foediffime,
1106 1630 1192 1743 pul-
1316 1654 1322 1665 ·

313 1774 397 1854 sum

135 1916 291 2023 Arguet,
321 1915 436 1997 Iliaco
447 1913 638 1995 tumidum
655 1912 720 2021 qui
732 1909 890 1994 crescere
908 1911 1077 2018 Tybrim

135 2056 332 2163 Sanguine,
363 2073 401 2136 et
419 2055 582 2135 Ev'andri
595 2070 714 2133 totam
727 2078 818 2131 cum
836 2049 946 2162 stirpe
962 2051 1102 2133 videbit

133 2194 371 2275 Procubuisse
386 2194 559 2290 domum,
593 2209 703 2300 atque
720 2209 851 2270 exutos
871 2191 1036 2271 Arcada&
1051 2191 1192 2272 aruris?
1266 2259 1270 2266 .

134 2333 251 2414 Haud
273 2334 323 2414 ita
339 2360 404 2414 me
416 2333 558 2441 experti
578 2331 688 2410 Bitias
701 2327 1084 2438 etPandarusingens,
1102 2354 1157 2440 39
1161 2323 1190 2420 ,6

132 2472 183 2550 Et
195 2499 290 2580 quos
304 2470 409 2552 mille
425 2471 487 2553 die
501 2472 620 2550 ridor
633 2467 701 2550 sub
720 2470 875 2550 Tartara
890 2469 988 2569 misi,
1291 2481 1295 2487 ’

132 2611 299 2693 Inclusus
316 2611 434 2692 muris
453 2610 651 2720 hostilique
670 2635 802 2718 aggere
819 2609 952 2720 septus.

118 2748 253 2833 Nulla
269 2751 361 2832 salus
373 2750 486 2833 bello.
517 2751 629 2860 capiti
644 2776 736 2830 cane
753 2748 839 2829 talia
857 2748 1011 2834 demens

132 2892 335 2989 Dardanio,
365 2892 545 3000 rebusque
564 2893 647 2973 tuis.
676 2889 831 2999 proinde
848 2891 976 2974 omnia
992 2900 1132 3000 rnngno
1289 2900 1292 2907 '

131 3035 173 3114 N
174 3061 195 3112 e
206 3032 299 3114 cessa
316 3033 461 3114 turbare
479 3052 596 3130 metu,
627 3051 737 3139 atque
755 3029 929 3111 extollere
946 3033 1040 3113 vires
1100 3040 1184 3142 4'01

132 3173 266 3254 Gentis
278 3173 335 3253 bis
353 3174 469 3253 vicue
478 3215 490 3271 3
522 3191 649 3254 contra
661 3198 827 3281 premere
847 3198 950 3252 arma
965 3171 1102 3258 Latini.

132 3313 256 3393 Nunc<
266 3331 305 3394 et
317 3313 612 3421 Myrmidonum
626 3337 794 3420 proceres
806 3308 971 3420 Phrygia
994 3339 1098 3393 arma
1117 3328 1193 3393 tre-

314 3454 487 3552 miscunt,

133 3592 251 3673 Nunc
261 3607 299 3672 et
316 3591 511 3699 Tydides,'
530 3611 567 3672 et
584 3589 784 3672 Lariffiieus
801 3582 970 3674 Achilles
978 3634 992 3691 3

132 3729 318 3812 Amniset
331 3730 536 3812 Hadriacas
548 3749 644 3812 retro
656 3730 753 3839 sugit
765 3731 927 3813 Aufidus
942 3733 1071 3816 undar.
1102 3759 1159 3840 40
1167 3760 1191 3845 5

133 3867 205 3948 Vel
219 3893 309 3948 cum
326 3869 362 3950 se
374 3870 552 3978 pavidum
571 3889 698 3967 contra
710 3896 795 3950 mea
799 3870 922 3980 jurgia
937 3870 1046 3980 fingit

134 4005 297 4090 Artificis
315 4007 445 4108 scelus,
476 4028 514 4091 et
526 4009 726 4090 formidine
739 4010 883 4091 crimen
899 4012 1058 4099 acerbat.

131 4147 521 4272 Nunquamanimam
531 4147 645 4234 talem
655 4149 785 4231 dextra
798 4148 883 4252 hac,
891 4150 1021 4235 absiste
1035 4152 1190 4255 moveri,

679 4290 712 4374 P
745 4316 768 4403 3
1009 4292 1196 4378 Amittes:
