2872 5176
339 360 692 453 Annnroos
728 352 980 449 Lrn.V.·'
1106 389 1167 482 13

97 559 272 671 Accipite
285 557 378 643 haec
392 558 542 657 animis,
572 539 1108 666 laetasqueadvertitementes
1120 596 1134 656 3
1159 542 1165 637 ᾗ

96 706 230 806 Nemo
241 729 291 784 ex
301 699 377 783 hoc
395 725 555 783 numero
565 695 662 778 mihi
676 724 752 778 non
763 697 921 779 donatus
934 698 1061 783 abibit.
1077 729 1132 813 30
1140 728 1163 812 ς

95 842 253 926 Gnoffra
265 841 354 923 bina
371 842 471 923 dabo
490 839 632 921 laevato
650 836 775 919 lucida
790 836 891 919 ferro

97 979 261 1093 Spicula,
292 980 549 1088 caelatamque
566 993 721 1087 argento
738 976 834 1057 serre
851 974 1082 1087 bipennem:

97 1121 290 1203 Omnibus
304 1120 369 1203 hic
382 1123 452 1202 erit
465 1145 562 1202 unus
577 1116 711 1200 honos.
742 1134 815 1197 tres
827 1119 992 1226 praemia
1008 1120 1121 1230 primi

99 1259 311 1370 Accipient,
339 1257 508 1368 flavaque
524 1273 639 1368 caput
655 1256 849 1348 nesientur
865 1253 976 1337 oliva.

99 1398 249 1479 Primus
264 1427 409 1507 equum
419 1396 581 1510 phaleris
598 1395 781 1506 insignem
793 1395 912 1476 vietor
923 1394 1100 1508 habeto.3
1115 1424 1165 1479 ro

87 1529 210 1618 ⁸Alter
230 1539 486 1620 Amazoniam
500 1536 725 1647 pharetram,
757 1535 984 1646 plenamque
997 1537 1156 1646 sagittis.
1313 1618 1317 1627 .

100 1675 317 1776 Threiciis;
345 1678 421 1759 lato
439 1705 557 1787 quam
571 1676 717 1757 circum
734 1675 970 1785 amplesiitur
987 1706 1079 1759 auro

100 1812 264 1919 Balteus,
296 1838 333 1901 et
347 1820 452 1902 tereti
471 1819 654 1900 subnectit
671 1817 787 1897 fibula
807 1842 972 1925 gemma.

99 1958 253 2039 Tertius
269 1959 447 2068 Argolica
460 1957 533 2041 hac
548 1957 652 2067 galea
664 1974 862 2038 contentus
871 1955 986 2038 abito.

99 2096 209 2197 Haec
221 2094 288 2175 ubi
299 2097 410 2195 dista,
420 2097 547 2177 locum
562 2096 726 2206 capiunt,
735 2097 914 2204 fignoque
927 2116 1078 2206 repente
1082 2121 1103 2205 3
1117 2122 1130 2181 1
1144 2121 1177 2206 ςΙ

101 2235 320 2345 Corripiunt
336 2235 449 2344 spatia
467 2234 607 2332 audito,
641 2230 833 2340 limenque
846 2231 1077 2340 relinquunt,

102 2371 238 2476 Effusi,
270 2372 403 2455 nimbo
420 2371 577 2455 smiles:
608 2371 719 2452 simul
740 2371 874 2469 ultima
884 2371 1040 2481 fignant.

102 2514 252 2596 Primus
270 2511 360 2612 abit,
388 2509 578 2622 longeque
589 2501 674 2594 ante
691 2511 820 2592 omnia
841 2538 997 2624 corpora
1014 2513 1058 2594 N
1060 2511 1153 2608 isus·

100 2653 266 2753 Emicat,
297 2670 336 2734 et
349 2655 465 2735 ventis
479 2674 517 2735 et
533 2652 704 2735 fulminis
714 2654 817 2734 ocior
834 2652 913 2736 alis.

101 2795 303 2875 Proximus
317 2792 421 2894 huic,
437 2794 553 2905 longo
566 2794 627 2875 sed
647 2794 841 2903 proximus
859 2792 1064 2890 intervallo,
1082 2820 1168 2902 3²0

103 2934 312 3045 insequitur
325 2935 454 3016 Salius.
485 2936 601 3046 spatio
618 2933 702 3045 post
719 2933 855 3014 deinde
873 2933 1004 3014 resisto
1122 2944 1125 2948 ‘

103 3074 256 3156 Tertius
267 3073 464 3183 Euryalus.
739 3105 741 3110 ’
1109 3143 1112 3146 .
1142 3085 1147 3092 ’

102 3213 389 3324 Euryalumque
411 3214 601 3323 Helymus
628 3211 804 3324 sequitur.
854 3241 934 3323 quo
950 3210 1084 3293 deinde
1103 3209 1172 3293 sub

277 3352 369 3463 ‘ipso

102 3491 205 3572 Ecce
228 3490 341 3591 volat',
369 3489 590 3600 calcemque
606 3491 690 3573 terit
700 3491 781 3598 jam
801 3491 902 3582 calce
914 3491 1062 3586 Diores,

106 3632 335 3722 Incumbens
345 3631 527 3715 humero:
548 3633 660 3743 spatia
670 3653 708 3713 et
720 3633 748 3712 fi
759 3631 866 3741 plura
879 3631 1067 3742 supersint,
1085 3656 1135 3740 3²
1145 3658 1168 3742 5

105 3771 285 3854 Transeat
300 3772 442 3885 elapsus
456 3773 570 3884 prior,
598 3773 868 3882 ambiguumve
886 3773 1080 3880 relinquat.

105 3908 271 4021 Jamque
287 3912 366 3994 fere
387 3911 503 4022 spatio
520 3930 704 4015 extremo,
733 3909 890 4019 fessique
902 3910 970 3992 sub
990 3909 1141 4019 ipsum·

105 4049 246 4133 Finem
262 4053 536 4155 adventabant,
565 4055 638 4137 levi
656 4083 750 4137 cum
767 4055 945 4165 sanguine
962 4055 1004 4137 N
1006 4054 1078 4135 isus
1106 4068 1109 4073 ’

108 4189 266 4284 babitu
275 4193 433 4296 melin
465 4196 576 4287 caesis
595 4213 639 4316 ut
652 4196 748 4286 sorte
756 4195 924 4318 juvencis
1089 4217 1174 4299 329

1059 4334 1092 4423 F
1095 4329 1184 4421 usus.
