2872 5176
307 398 311 405 .
371 322 840 434 Aruernoers
870 323 999 421 VIII.
1124 360 1220 458 117

150 531 298 643 Aspice,
317 529 384 640 qui
402 535 535 610 coeant
546 525 690 640 populi,
712 553 809 636 quae
822 526 972 610 moenia
988 525 1118 611 claufis
1131 532 1184 642 38
1193 559 1218 643 ς

148 674 310 754 Ferrum
328 691 461 753 acuant
471 672 602 780 portis,
620 670 659 749 in
672 697 737 750 me
751 669 1018 779 excidiumque
1031 698 1219 756 meorum.

147 816 321 915 Dixerat,
351 833 389 898 et
400 814 515 896 niveis
532 810 623 894 hinc
641 811 854 922 atquehinc
871 812 957 894 diva
969 812 1114 896 lacertis
1213 903 1218 911 ,

147 954 402 1035 Cunctantem
417 951 595 1062 amplexu
608 951 715 1032 molli
727 948 841 1034 fovet.
874 951 1100 1063 illerepente
1204 1000 1210 1009 ·

147 1098 311 1209 Accepit
327 1096 474 1178 solitam
494 1094 713 1192 flammam
744 1092 927 1204 notusque
940 1095 1126 1179 medullas

146 1236 302 1319 Intravit
315 1237 429 1335 calor,
462 1254 499 1319 et
517 1235 697 1317 labefacta
713 1262 779 1346 per
790 1232 865 1316 offa
881 1238 1063 1322 cucurrit:
1128 1266 1217 1355 39⁰

145 1378 241 1460 Non
258 1380 361 1460 secus
378 1398 489 1488 atque
507 1378 604 1483 olim
622 1377 761 1459 tonitru
771 1405 863 1459 cum
877 1396 988 1492 rupta
1003 1380 1158 1465 corusco
1211 1446 1216 1485 =

145 1518 262 1628 Ignea
278 1521 374 1601 rima
385 1520 529 1600 micans
540 1518 720 1627 percurrit
737 1518 882 1600 lumine
900 1518 1064 1606 nimbos.

147 1660 276 1760 Senfit,
304 1661 398 1742 laeta
417 1658 513 1739 dolis
531 1678 568 1740 et
585 1658 731 1741 formae
748 1658 905 1759 conscia,
920 1664 1074 1771 conjux.
1117 1680 1121 1687 '

207 1801 317 1883 Tum
330 1819 432 1912 pater
443 1817 591 1882 aeterno
604 1799 701 1880 fatur
719 1797 913 1879 devinctus
925 1826 1074 1886 amore:
1210 1904 1215 1914 ι

146 1941 253 2042 Quid
266 1942 390 2024 causas
408 1942 502 2051 petis
519 1970 566 2022 ex
585 1940 682 2022 alto?
714 1938 852 2019 fiducia
870 1939 974 2023 ceffit
1126 1968 1181 2055 39
1188 1966 1212 2055 5
1234 1988 1238 1995 ,

145 2086 238 2185 Quo
255 2088 339 2186 tibi,
359 2087 456 2185 diva,
473 2087 571 2167 mei?
600 2084 728 2165 similis
745 2084 773 2162 fi
790 2111 880 2164 cura
896 2082 1031 2183 fuiffet,

146 2225 257 2305 Tum
276 2251 428 2335 quoque
445 2225 500 2304 fas
518 2223 625 2303 nobis
645 2224 815 2302 Teucros
826 2248 968 2302 armare
986 2220 1110 2303 fiiifl'et
1119 2261 1134 2320 ς

144 2364 234 2445 Nec
258 2381 360 2476 pater
377 2365 616 2473 omnipotens
627 2363 798 2470 Trojam,
831 2387 900 2441 nec
922 2361 998 2444 fata
1012 2361 1186 2444 vetabant

146 2501 261 2600 Stare,
276 2502 486 2610 decemque
500 2502 590 2582 alios
605 2501 801 2582 Priamum
817 2500 994 2610 supereffe
1008 2529 1076 2613 per
1086 2529 1214 2586 annos.

144 2645 198 2725 Et
217 2646 357 2726 nuncfi
374 2643 511 2725 bellare
528 2671 644 2754 paras,
676 2641 890 2754 atque-haec
910 2644 977 2724 tibi
991 2671 1099 2726 mens
1117 2643 1185 2747 est,
1209 2692 1214 2701 ·

144 2781 343 2893 Quidquid
355 2783 395 2861 in
409 2801 485 2863 arte
497 2810 581 2863 mea
594 2781 742 2892 polium
758 2784 974 2893 promittere
984 2810 1107 2884 curae,
1124 2813 1207 2891 401

143 2925 262 3030 Qod
282 2923 363 3004 fieri
380 2923 491 3022 ferro,
521 2923 711 3032 liquidove
728 2923 848 3033 potest
860 2924 1011 3023 cledlm,

144 3064 345 3160 Quantum
357 3063 460 3171 ignes
473 3062 694 3171 animaeque
705 3062 828 3150 valent
835 3102 847 3161 3
879 3061 1008 3143 abfiste
1027 3060 1215 3172 precando

142 3202 296 3283 Viribus
316 3202 523 3283 indubitare
534 3203 620 3285 tuis.
652 3231 695 3283 ea
709 3201 819 3283 verba
833 3201 980 3282 locutus

143 3342 302 3453 Optatos
320 3342 423 3424 dedit
439 3341 647 3453 amplexus,
680 3342 947 3452 placidumque
965 3342 1095 3455 petivit
1119 3373 1177 3452 40
1184 3373 1208 3456 ς

142 3482 323 3592 conjugis
343 3481 485 3563 infusus
499 3485 644 3591 gremio
661 3510 728 3591 per
745 3482 918 3563 membra
934 3481 1119 3591 soporem.

205 3623 313 3721 Inde,
327 3621 393 3703 ubi
407 3623 528 3732 prima
549 3623 654 3732 quies
665 3622 880 3731 mediojam
899 3622 1018 3702 nouis
1031 3622 1183 3703 abactae

142 3762 341 3845 Curriculo
352 3761 742 3875 expuleratsomnum,
751 3790 842 3843 cum
851 3762 1017 3843 foemina
1024 3762 1208 3873 primum,

141 3899 220 3980 Cui
230 3900 384 3984 tolerare
402 3900 487 3983 colo
504 3901 621 3983 vitam
638 3901 815 4013 tenuique
833 3901 1009 3983 Minerva

140 4042 383 4151 Impolitum,
390 4041 554 4127 cinerem
568 4062 606 4127 et
623 4044 760 4157 sopitos
774 4043 918 4126 suscitat
935 4044 1051 4153 ignes,
1114 4024 1207 4150 4to

141 4181 313 4273 Noctem
323 4182 460 4270 addens
474 4185 599 4298 operi3
634 4184 867 4297 famulasque
878 4184 925 4267 ad
936 4185 1081 4273 lumina
1093 4182 1209 4292 longo

175 4354 180 4367 “
325 4380 330 4387 -
717 4327 793 4447 13
1050 4325 1212 4408 Exercet
