2872 5176
412 349 748 453 Austrinos.
795 345 1016 469 LthI.
1160 385 1224 491 57

151 549 234 663 Ipsa
252 547 373 633 deum
388 577 525 663 poenas
542 551 683 650 docuit,
695 577 836 662 perque
854 551 983 636 omnia
995 554 1116 640 duxit.
1134 562 1224 673 565

150 687 327 777 Gnoflius
343 691 438 775 haec
449 691 762 775 Rhadamanthus
770 691 884 778 habet
891 695 1082 781 durissima
1095 726 1223 813 regna,

150 832 390 945 Castigatque
402 832 582 945 auditque
596 833 727 933 dolos3
753 834 962 946 subigitque
984 838 1091 921 fateri

149 976 258 1073 Quae
275 974 361 1085 quis
381 973 482 1085 apud
499 974 661 1085 superos,
676 960 786 1056 furto
796 973 949 1059 laetatus
965 977 1082 1080 inani,

149 1112 306 1196 Distulit
324 1115 364 1195 in
390 1113 507 1196 seram
522 1113 719 1197 commissa
734 1113 882 1227 piacula
894 1134 1072 1205 mortem

148 1240 341 1338 Continuo
358 1254 478 1336 sontes
494 1254 607 1336 ultrix
634 1254 804 1337 accincta
821 1253 972 1367 flagello
1134 1283 1223 1375 570

148 1391 358 1505 Tisiphone
376 1395 495 1503 quatit
507 1392 695 1495 insultans,
714 1394 910 1506 torvosque
929 1384 1070 1478 sinistra

151 1533 341 1618 Intentans
358 1563 510 1645 angues,
529 1555 638 1618 vocat
654 1537 806 1646 agmina
822 1537 926 1620 saeva
940 1540 1122 1624 sororum.
1228 1512 1231 1519 ⁵

209 1673 321 1765 Tum
334 1674 491 1756 demum
510 1672 702 1757 horrisono
716 1673 906 1759 stridentes
924 1679 1073 1760 cardine
1092 1677 1212 1762 sacrae

150 1813 370 1898 Panduntur
386 1834 525 1926 portae.
556 1817 687 1922 cernis,
707 1816 875 1925 custodia
891 1818 1011 1931 qualis
1229 1896 1233 1907 .

146 1950 343 2039 Vestibulo
358 1957 503 2042 sedeat?
533 1933 649 2040 'facies
666 1987 762 2068 quae
779 1955 910 2042 limina
922 1960 1065 2044 servet?
1130 1984 1187 2075 57
1191 1984 1219 2073 ς

149 2099 432 2213 Qinquaginta
457 2102 542 2182 atris
563 2102 740 2181 imnunis
760 2099 921 2183 hiatibus
939 2103 1076 2212 Hydra

148 2238 297 2319 Saevior
320 2239 420 2320 intus
437 2237 550 2319 habet
566 2239 719 2322 sedem:
750 2255 835 2321 tum
847 2241 1026 2322 Tartarus
1039 2238 1117 2352 ipse
1220 2344 1227 2357 ..

145 2378 211 2458 Bis
226 2395 328 2487 patet
346 2377 386 2459 in
399 2358 575 2490 praeceps
591 2397 752 2477 tantum,
768 2379 963 2490 tenditque
976 2379 1045 2463 sub
1052 2379 1223 2479 umbras·

145 2519 321 2614 Quantus
338 2516 386 2597 ad
399 2514 618 2599 aethereum
636 2517 732 2600 coeli
747 2517 938 2628 ,suspestus
952 2517 1180 2631 Olympum.

146 2655 224 2737 Hic
242 2683 359 2766 genus
372 2658 569 2767 antiquum
590 2677 718 2756 terrae,
734 2659 886 2741 Titania
906 2636 1049 2770 pubes.
1130 2660 1219 2773 580

145 2795 178 2875 F
180 2795 323 2909 ulmine
337 2799 482 2904 dejeffi,
502 2799 622 2879 fundo
639 2798 839 2879 volvuntur
854 2803 893 2879 in
913 2802 1005 2883 imo.

147 2935 225 3016 Hic
243 2953 282 3017 et
298 2933 458 3017 Aloidas
468 2937 637 3047 geminos
650 2936 831 3018 immania
842 2937 919 3018 vidi

145 3074 313 3187 Corpora
328 3109 339 3158 ε
373 3077 440 3187 qui
453 3077 624 3158 manibus
639 3106 823 3188 magnum
835 3078 1038 3161 rescindere
1049 3077 1202 3162 coelum

144 3216 330 3327 Aggreffi,
346 3200 557 3329 superisque
571 3221 709 3326 Jovem
731 3219 925 3301 detrudere
937 3221 1072 3332 regnis.

144 3354 238 3436 Vidi
251 3377 290 3439 et
306 3358 473 3440 crudeles
483 3360 638 3481 dantem
652 3358 848 3442 Salmonea
866 3389 1019 3471 poenas,
1127 3360 1181 3473 58
1188 3388 1214 3475 ς

55 3506 60 3511 ’
144 3493 256 3576 Dum
280 3496 453 3579 flammas
471 3499 575 3603 Jovis
599 3516 637 3577 et
658 3498 796 3580 sonitus
811 3499 976 3581 imitatur
995 3499 1169 3610 Olympi.

142 3632 318 3738 Qatuor
331 3631 396 3716 hic
416 3634 582 3716 invedus
594 3635 712 3744 equis,
727 3655 765 3716 et
785 3635 958 3749 lampada
976 3638 1156 3746 quassans,

141 3771 215 3855 Per
232 3774 394 3884 Grajum
412 3774 569 3887 populos
592 3776 821 3886 mediaeque
826 3803 893 3891 per
912 3775 1033 3858 Elidis
1052 3775 1188 3860 urbem

142 3913 228 3999 Ibat
238 3939 363 4015 ovans,
379 3916 588 4026 divumque
600 3913 668 3996 fibi
686 3902 858 4024 poscebat
870 3914 1071 4022 honorem,

140 4052 333 4139 Demens!
356 4058 421 4169 qui
441 4056 732 4140 nimbosetnon
745 4055 925 4139 imitabile
951 4058 1099 4141 fulmen
1128 4082 1216 4173 590

140 4195 242 4281 Aere
259 4213 298 4282 et
311 4197 559 4314 cornipedum
569 4194 677 4315 pulsu
692 4195 880 4307 sunularat
896 4225 1094 4316 equorum.
1209 4307 1214 4315 ι

470 4330 474 4337 ’
1163 4339 1219 4421 At
