2872 5176
408 400 757 511 Aruernos
796 394 914 490 Lrn
949 356 1054 492 xit.
1149 400 1253 530 adq

179 601 292 683 Astra
308 600 425 710 sequi,
456 599 701 710 clausumque
719 622 808 678 cava
828 615 865 680 te
880 599 1042 684 condere
1061 619 1168 686 terra.

179 743 262 841 llle,
294 759 406 851 caput
416 741 611 850 quassans:
643 768 721 821 non
739 767 802 819 me
821 755 886 819 tua
899 739 1039 824 fervida
1051 761 1189 827 terrent

179 883 308 980 Dicta,
328 879 448 966 ferox.
481 882 520 962 di
538 910 602 963 me
619 898 768 977 terrent,
799 898 836 961 et
855 881 1002 990 Jupiter
1017 882 1145 971 hostis.
1161 887 1248 998 895

180 1022 270 1104 Nec
284 1020 393 1132 plura
405 1019 549 1121 effatus,
581 1021 712 1101 saxum
737 1021 988 1130 circumspicit
1000 1024 1130 1134 ingens
1141 1065 1157 1127 ς
1255 1058 1258 1063 ’

184 1148 325 1244 Saxum
341 1161 553 1269 antiquum,
585 1161 728 1269 ingens,
764 1187 902 1271 campo
919 1163 1024 1271 quod
1043 1161 1249 1275 fortejace-

363 1299 439 1402 bat,

179 1436 311 1545 Limes
328 1464 419 1545 agro
429 1437 580 1546 positus,
612 1437 719 1518 litem
738 1453 779 1517 ut
791 1436 1008 1522 discerneret
1023 1442 1129 1529 arvis.

180 1576 266 1673 vix,
280 1575 375 1656 illud
394 1574 483 1656 lecti
500 1576 557 1656 bis
574 1576 636 1657 sex
653 1575 797 1657 cervice
813 1574 990 1683 subirent,

179 1714 318 1833 Qalia
332 1742 434 1815 nunc
451 1714 656 1817 hominum
668 1714 842 1824 producit
857 1742 1015 1827 corpora
1024 1717 1143 1800 tellus.
1160 1747 1258 1831 9⁰⁰.

181 1856 256 1938 Ille·
269 1883 387 1958 manu
399 1872 550 1965 raptum
576 1855 720 1971 trepida
737 1855 933 1964 torquebat
950 1857 990 1938 in
1007 1856 1172 1975 hostem,

181 1998 307 2101 Altior
320 1997 510 2106 insurgens
526 2014 565 2079 et
581 1997 689 2078 cursu
701 1997 883 2099 concitus,
914 1995 1036 2109 heros,

148 2161 153 2170 “
182 2141 255 2237 Sed
272 2167 395 2250 neque
408 2158 621 2221 currentem
635 2139 685 2239 se,
715 2168 786 2221 nec
804 2140 995 2248 ¹cognoscit
1008 2159 1175 2244 euntem,
1194 2248 1198 2257 ἱ

180 2279 448 2381 Tollentemve
466 2308 595 2377 manu,
623 2278 828 2388 saxumque
841 2279 1008 2362 immane
1020 2304 1259 2373 moventem..

180 2423 319 2519 Genua
331 2422 476 2504 labant:
489 2420 633 2530 gelidus
653 2421 841 2502 concrevit
852 2420 989 2530 frigore
1001 2423 1249 2543 sanguis.905

179 2566 291 2645 Tum
308 2562 402 2672 lapis
418 2562 495 2674 ipse
513 2562 596 2659 viri,
627 2589 790 2643 vacuum
815 2590 881 2673 per
899 2563 1008 2667 inane
1025 2567 1186 2670 volutus,

180 2703 270 2785 Nec
289 2701 448 2813 spatium
466 2701 590 2803 evafit,
623 2718 747 2782 toturn
765 2727 836 2782 nec
852 2703 1005 2810 pertulit
1023 2706 1156 2790 isium.

180 2843 242 2924 Ac
256 2842 359 2942 velut
378 2843 419 2922 in
439 2841 578 2922 somnis
591 2842 720 2922 oculos
738 2841 803 2920 ubi
814 2839 989 2950 languida
1005 2847 1132 2954 pressit
1211 2906 1215 2911 -

179 2982 307 3065 Nocte
325 2983 444 3092 quies,
474 2981 729 3092 nequicquam
746 2982 873 3060 avidos
884 2984 1082 3068 extendere
1095 2977 1221 3072 cursus

180 3120 292 3219 velte
309 3122 494 3221 videmur,
524 3121 617 3201 etin
636 3120 770 3201 mediis
780 3120 974 3202 conatibus
993 3127 1095 3234 aegri
1160 3153 1248 3232 910

181 3232 444 3362 Succidimu83
475 3291 553 3343 non
570 3262 697 3371 lingua
715 3260 823 3363 valet,
852 3289 928 3343 non
946 3291 1101 3376 corpore
1121 3285 1231 3350 notae

181 3403 379 3485 Sufficiunt
391 3403 498 3502 vires,
529 3431 685 3485 necvox
699 3419 764 3484 aut
777 3401 889 3485 verba
903 3402 1130 3514 sequuntur:

180 3542 243 3624 Sic
260 3544 409 3643 Turno,
436 3571 662 3653 quacunque
675 3545 776 3624 viam
795 3543 929 3625 virtute
950 3545 1091 3655 petivit,

181 3683 398 3768 Succeffum
415 3684 484 3765 dea
495 3684 573 3765 dira
590 3702 712 3792 negat.
740 3700 826 3765 turn
843 3686 994 3794 pectore
1010 3684 1132 3770 sensus

179 3822 388 3925 vertuntur
408 3824 509 3919 varii.
538 3823 702 3921 Rutulos
720 3822 880 3933 aspectat
894 3839 932 3902 et
948 3823 1096 3923 urbem,
1161 3852 1248 3936 915

181 3963 464 4072 cunctaturque
485 3981 602 4063 metu,
634 3964 829 4073 telumque
850 3963 984 4065 instare
1001 3963 1197 4048 tremescit.

178 4101 267 4184 Nec
286 4130 364 4212 quo
379 4104 415 4186 se
428 4105 569 4215 eripiat,
593 4133 663 4186 nec
677 4104 802 4215 quavi
821 4105 948 4187 tendat
961 4106 1004 4186 in
1024 4104 1187 4207 hostem,

180 4243 268 4342 Nec
286 4271 416 4369 currus
435 4244 593 4359 usquam
611 4246 712 4365 videt
731 4245 974 4362 aurigamque
991 4242 1169 4333 sororem.

1048 4388 1250 4468 Cunctanti
