<?xml version="1.0" encoding="UTF-8"?>
<!DOCTYPE html PUBLIC "-//W3C//DTD XHTML 1.0 Transitional//EN"
    "http://www.w3.org/TR/xhtml1/DTD/xhtml1-transitional.dtd">
<html xmlns="http://www.w3.org/1999/xhtml" xml:lang="en" lang="en">
 <head>
  <title>
</title>
<meta http-equiv="Content-Type" content="text/html;charset=utf-8" />
  <meta name='ocr-system' content='tesseract 3.04.00' />
  <meta name='ocr-capabilities' content='ocr_page ocr_carea ocr_par ocr_line ocrx_word'/>
</head>
<body>
  <div class='ocr_page' id='page_1' title='image "./publiivirgiliim00schegoog/publiivirgiliim00schegoog_0330.png"; bbox 0 0 2872 5176; ppageno 0'>
   <div class='ocr_carea' id='block_1_1' title="bbox 310 306 1166 539">
    <p class='ocr_par' dir='ltr' id='par_1_1' title="bbox 310 306 1166 539">
     <span class='ocr_line' id='line_1_1' title="bbox 310 306 1166 539; baseline -0.005 -120"><span class='ocrx_word' id='word_1_1' title='bbox 310 312 641 419; x_wconf 68' lang='lat' dir='ltr'>Aruernos</span> <span class='ocrx_word' id='word_1_2' title='bbox 684 318 805 417; x_wconf 77' lang='lat' dir='ltr'>Lu.</span> <span class='ocrx_word' id='word_1_3' title='bbox 834 306 979 421; x_wconf 78' lang='grc' dir='ltr'>ΧΠ.</span> <span class='ocrx_word' id='word_1_4' title='bbox 1056 328 1166 539; x_wconf 63' lang='lat' dir='ltr'>²⁶5ss</span> 
     </span>
    </p>
   </div>
   <div class='ocr_carea' id='block_1_2' title="bbox 76 498 1166 4170">
    <p class='ocr_par' dir='ltr' id='par_1_2' title="bbox 76 498 1166 4170">
     <span class='ocr_line' id='line_1_2' title="bbox 81 498 1166 640; baseline -0.01 -26"><span class='ocrx_word' id='word_1_5' title='bbox 81 498 163 614; x_wconf 79' lang='lat' dir='ltr'>Hic</span> <span class='ocrx_word' id='word_1_6' title='bbox 179 522 307 640; x_wconf 78' lang='lat' dir='ltr'>gladio</span> <span class='ocrx_word' id='word_1_7' title='bbox 319 523 453 629; x_wconf 86' lang='lat' dir='ltr'>fidens</span> <span class='ocrx_word' id='word_1_8' title='bbox 477 522 688 609; x_wconf 86' lang='lat' dir='ltr'>hicaceret</span> <span class='ocrx_word' id='word_1_9' title='bbox 704 524 841 611; x_wconf 79' lang='lat' dir='ltr'>arduus</span> <span class='ocrx_word' id='word_1_10' title='bbox 860 526 978 629; x_wconf 81' lang='lat' dir='ltr'>hasta,</span> <span class='ocrx_word' id='word_1_11' title='bbox 1158 594 1166 603; x_wconf 93' lang='lat'>.</span> 
     </span>
     <span class='ocr_line' id='line_1_3' title="bbox 81 665 1152 790; baseline -0.001 -38"><span class='ocrx_word' id='word_1_12' title='bbox 81 669 278 752; x_wconf 84' lang='lat' dir='ltr'>ndfistunt</span> <span class='ocrx_word' id='word_1_13' title='bbox 291 686 420 752; x_wconf 86' lang='lat' dir='ltr'>contra</span> <span class='ocrx_word' id='word_1_14' title='bbox 437 666 640 750; x_wconf 80' lang='lat' dir='ltr'>certamine</span> <span class='ocrx_word' id='word_1_15' title='bbox 654 665 791 749; x_wconf 82' lang='lat' dir='ltr'>Martis</span> <span class='ocrx_word' id='word_1_16' title='bbox 813 666 953 756; x_wconf 82' lang='lat' dir='ltr'>anheli.</span> <span class='ocrx_word' id='word_1_17' title='bbox 1062 678 1152 790; x_wconf 84' lang='lat'>790&#39;</span> 
     </span>
     <span class='ocr_line' id='line_1_4' title="bbox 142 804 1162 924; baseline 0.005 -34"><span class='ocrx_word' id='word_1_18' title='bbox 142 809 361 917; x_wconf 89' lang='lat' dir='ltr'>Junonem·</span> <span class='ocrx_word' id='word_1_19' title='bbox 350 804 487 889; x_wconf 72' lang='lat' dir='ltr'>interea</span> <span class='ocrx_word' id='word_1_20' title='bbox 502 833 571 888; x_wconf 84' lang='lat' dir='ltr'>rex</span> <span class='ocrx_word' id='word_1_21' title='bbox 589 807 858 917; x_wconf 73' lang='lat' dir='ltr'>omnipotentie</span> <span class='ocrx_word' id='word_1_22' title='bbox 870 810 1032 924; x_wconf 76' lang='lat' dir='ltr'>Olympi</span> <span class='ocrx_word' id='word_1_23' title='bbox 1155 814 1162 877; x_wconf 80' lang='grc' dir='ltr'><strong><em>ἶ</em></strong></span> 
     </span>
     <span class='ocr_line' id='line_1_5' title="bbox 81 944 1166 1060; baseline 0.008 -32"><span class='ocrx_word' id='word_1_24' title='bbox 81 944 314 1060; x_wconf 71' lang='lat' dir='ltr'>Alloquitur,</span> <span class='ocrx_word' id='word_1_25' title='bbox 345 946 448 1030; x_wconf 88' lang='lat' dir='ltr'>fulva</span> <span class='ocrx_word' id='word_1_26' title='bbox 465 972 610 1059; x_wconf 81' lang='lat' dir='ltr'>pugnas</span> <span class='ocrx_word' id='word_1_27' title='bbox 630 945 679 1027; x_wconf 90' lang='lat' dir='ltr'>de</span> <span class='ocrx_word' id='word_1_28' title='bbox 698 946 802 1029; x_wconf 92' lang='lat' dir='ltr'>nube</span> <span class='ocrx_word' id='word_1_29' title='bbox 815 944 1007 1036; x_wconf 75' lang='lat' dir='ltr'>tuentemz</span> <span class='ocrx_word' id='word_1_30' title='bbox 1156 948 1166 1025; x_wconf 81' lang='grc' dir='ltr'>-Ϊ</span> 
     </span>
     <span class='ocr_line' id='line_1_6' title="bbox 83 1085 1124 1200; baseline 0.009 -30"><span class='ocrx_word' id='word_1_31' title='bbox 83 1090 195 1195; x_wconf 81' lang='lat' dir='ltr'>Qae</span> <span class='ocrx_word' id='word_1_32' title='bbox 201 1091 284 1198; x_wconf 89' lang='lat' dir='ltr'>jam</span> <span class='ocrx_word' id='word_1_33' title='bbox 296 1086 382 1168; x_wconf 89' lang='lat' dir='ltr'>finis</span> <span class='ocrx_word' id='word_1_34' title='bbox 391 1086 474 1188; x_wconf 89' lang='lat' dir='ltr'>erit,</span> <span class='ocrx_word' id='word_1_35' title='bbox 506 1087 670 1196; x_wconf 80' lang='lat' dir='ltr'>conjux?</span> <span class='ocrx_word' id='word_1_36' title='bbox 700 1085 795 1198; x_wconf 89' lang='lat' dir='ltr'>quid</span> <span class='ocrx_word' id='word_1_37' title='bbox 805 1086 969 1200; x_wconf 87' lang='lat' dir='ltr'>denique</span> <span class='ocrx_word' id='word_1_38' title='bbox 987 1091 1124 1181; x_wconf 79' lang='lat' dir='ltr'>restat?</span> 
     </span>
     <span class='ocr_line' id='line_1_7' title="bbox 82 1227 1009 1339; baseline 0.008 -28"><span class='ocrx_word' id='word_1_39' title='bbox 82 1231 286 1338; x_wconf 84' lang='lat' dir='ltr'>Indigitem</span> <span class='ocrx_word' id='word_1_40' title='bbox 300 1232 457 1311; x_wconf 79' lang='lat' dir='ltr'><strong>Aenean</strong></span> <span class='ocrx_word' id='word_1_41' title='bbox 474 1228 542 1312; x_wconf 80' lang='lat' dir='ltr'>scis</span> <span class='ocrx_word' id='word_1_42' title='bbox 556 1229 645 1339; x_wconf 89' lang='lat' dir='ltr'>ipsa,</span> <span class='ocrx_word' id='word_1_43' title='bbox 676 1245 715 1310; x_wconf 91' lang='lat' dir='ltr'>et</span> <span class='ocrx_word' id='word_1_44' title='bbox 730 1227 968 1334; x_wconf 81' lang='lat' dir='ltr'>scirefaterie,</span> <span class='ocrx_word' id='word_1_45' title='bbox 988 1248 1009 1299; x_wconf 64' lang='grc' dir='ltr'><em>ὓ</em></span> 
     </span>
     <span class='ocr_line' id='line_1_8' title="bbox 79 1371 1165 1496; baseline 0.001 -42"><span class='ocrx_word' id='word_1_46' title='bbox 79 1373 222 1456; x_wconf 84' lang='lat' dir='ltr'>Deberi</span> <span class='ocrx_word' id='word_1_47' title='bbox 240 1372 360 1470; x_wconf 89' lang='lat' dir='ltr'>coelo,</span> <span class='ocrx_word' id='word_1_48' title='bbox 391 1371 548 1482; x_wconf 85' lang='lat' dir='ltr'>fatisque</span> <span class='ocrx_word' id='word_1_49' title='bbox 569 1372 617 1453; x_wconf 85' lang='lat' dir='ltr'>ad</span> <span class='ocrx_word' id='word_1_50' title='bbox 628 1372 744 1454; x_wconf 85' lang='lat' dir='ltr'>fidera</span> <span class='ocrx_word' id='word_1_51' title='bbox 761 1371 855 1455; x_wconf 88' lang='lat' dir='ltr'>tolli.</span> <span class='ocrx_word' id='word_1_52' title='bbox 1061 1406 1165 1496; x_wconf 85' lang='lat'>795·</span> 
     </span>
     <span class='ocr_line' id='line_1_9' title="bbox 79 1507 1152 1623; baseline 0.008 -27"><span class='ocrx_word' id='word_1_53' title='bbox 79 1514 186 1622; x_wconf 80' lang='lat' dir='ltr'>Qid</span> <span class='ocrx_word' id='word_1_54' title='bbox 199 1514 306 1595; x_wconf 85' lang='lat' dir='ltr'>struis</span> <span class='ocrx_word' id='word_1_55' title='bbox 319 1507 354 1602; x_wconf 65' lang='lat' dir='ltr'>i]</span> <span class='ocrx_word' id='word_1_56' title='bbox 364 1532 429 1594; x_wconf 91' lang='lat' dir='ltr'>aut</span> <span class='ocrx_word' id='word_1_57' title='bbox 447 1540 523 1623; x_wconf 91' lang='lat' dir='ltr'>qua</span> <span class='ocrx_word' id='word_1_58' title='bbox 534 1512 596 1623; x_wconf 92' lang='lat' dir='ltr'>spe</span> <span class='ocrx_word' id='word_1_59' title='bbox 614 1511 747 1622; x_wconf 81' lang='lat' dir='ltr'>gelidis</span> <span class='ocrx_word' id='word_1_60' title='bbox 766 1514 808 1596; x_wconf 89' lang='lat' dir='ltr'>in</span> <span class='ocrx_word' id='word_1_61' title='bbox 828 1515 990 1601; x_wconf 75' lang='lat' dir='ltr'>nubibus</span> <span class='ocrx_word' id='word_1_62' title='bbox 1001 1517 1152 1605; x_wconf 80' lang='lat' dir='ltr'>haeres?</span> 
     </span>
     <span class='ocr_line' id='line_1_10' title="bbox 79 1652 1165 1741; baseline 0.004 -5"><span class='ocrx_word' id='word_1_63' title='bbox 79 1654 280 1736; x_wconf 62' lang='lat' dir='ltr'>Mortalin}</span> <span class='ocrx_word' id='word_1_64' title='bbox 290 1654 416 1735; x_wconf 91' lang='lat' dir='ltr'>decuit</span> <span class='ocrx_word' id='word_1_65' title='bbox 431 1653 561 1734; x_wconf 88' lang='lat' dir='ltr'>violari</span> <span class='ocrx_word' id='word_1_66' title='bbox 575 1652 726 1735; x_wconf 83' lang='lat' dir='ltr'>volnere</span> <span class='ocrx_word' id='word_1_67' title='bbox 739 1652 899 1741; x_wconf 73' lang='lat' dir='ltr'>divum?</span> <span class='ocrx_word' id='word_1_68' title='bbox 1159 1658 1165 1667; x_wconf 78' lang='grc'><em>’</em></span> 
     </span>
     <span class='ocr_line' id='line_1_11' title="bbox 79 1784 1164 1904; baseline 0.007 -27"><span class='ocrx_word' id='word_1_69' title='bbox 79 1797 163 1877; x_wconf 86' lang='lat' dir='ltr'>Aut</span> <span class='ocrx_word' id='word_1_70' title='bbox 176 1784 316 1892; x_wconf 86' lang='lat' dir='ltr'>ensem,</span> <span class='ocrx_word' id='word_1_71' title='bbox 348 1793 442 1904; x_wconf 89' lang='lat' dir='ltr'>quid</span> <span class='ocrx_word' id='word_1_72' title='bbox 454 1795 559 1877; x_wconf 85' lang='lat' dir='ltr'>enim</span> <span class='ocrx_word' id='word_1_73' title='bbox 576 1791 652 1876; x_wconf 87' lang='lat' dir='ltr'>fine</span> <span class='ocrx_word' id='word_1_74' title='bbox 665 1812 703 1877; x_wconf 88' lang='lat' dir='ltr'>te</span> <span class='ocrx_word' id='word_1_75' title='bbox 724 1796 885 1902; x_wconf 90' lang='lat' dir='ltr'>Juturna</span> <span class='ocrx_word' id='word_1_76' title='bbox 902 1799 1072 1886; x_wconf 75' lang='lat' dir='ltr'>valeret?</span> <span class='ocrx_word' id='word_1_77' title='bbox 1155 1796 1164 1807; x_wconf 76' lang='grc'><strong>’</strong></span> 
     </span>
     <span class='ocr_line' id='line_1_12' title="bbox 76 1934 1152 2059; baseline 0.008 -42"><span class='ocrx_word' id='word_1_78' title='bbox 76 1936 266 2046; x_wconf 89' lang='lat' dir='ltr'>Ereptum</span> <span class='ocrx_word' id='word_1_79' title='bbox 276 1934 382 2016; x_wconf 91' lang='lat' dir='ltr'>reddi</span> <span class='ocrx_word' id='word_1_80' title='bbox 404 1939 552 2034; x_wconf 90' lang='lat' dir='ltr'>Tum0‚</span> <span class='ocrx_word' id='word_1_81' title='bbox 582 1951 621 2016; x_wconf 87' lang='lat' dir='ltr'>et</span> <span class='ocrx_word' id='word_1_82' title='bbox 637 1935 717 2016; x_wconf 89' lang='lat' dir='ltr'>vim</span> <span class='ocrx_word' id='word_1_83' title='bbox 730 1938 890 2022; x_wconf 86' lang='lat' dir='ltr'>crescere</span> <span class='ocrx_word' id='word_1_84' title='bbox 899 1941 1031 2026; x_wconf 76' lang='lat' dir='ltr'>vietis?</span> <span class='ocrx_word' id='word_1_85' title='bbox 1061 1942 1152 2059; x_wconf 79' lang='lat'>799&#39;</span> 
     </span>
     <span class='ocr_line' id='line_1_13' title="bbox 79 2077 1151 2189; baseline 0.009 -31"><span class='ocrx_word' id='word_1_86' title='bbox 79 2077 219 2160; x_wconf 88' lang='lat' dir='ltr'>Define</span> <span class='ocrx_word' id='word_1_87' title='bbox 230 2078 314 2187; x_wconf 87' lang='lat' dir='ltr'>jam</span> <span class='ocrx_word' id='word_1_88' title='bbox 324 2078 490 2176; x_wconf 89' lang='lat' dir='ltr'>tandem,</span> <span class='ocrx_word' id='word_1_89' title='bbox 519 2077 764 2189; x_wconf 80' lang='lat' dir='ltr'>precibusque</span> <span class='ocrx_word' id='word_1_90' title='bbox 782 2077 969 2165; x_wconf 65' lang='lat' dir='ltr'>inflectere</span> <span class='ocrx_word' id='word_1_91' title='bbox 993 2083 1151 2184; x_wconf 55' lang='lat' dir='ltr'>nostrin</span> 
     </span>
     <span class='ocr_line' id='line_1_14' title="bbox 79 2217 1079 2319; baseline 0.006 -16"><span class='ocrx_word' id='word_1_92' title='bbox 79 2221 218 2303; x_wconf 87' lang='lat' dir='ltr'>Necte</span> <span class='ocrx_word' id='word_1_93' title='bbox 236 2236 358 2302; x_wconf 87' lang='lat' dir='ltr'>tantus</span> <span class='ocrx_word' id='word_1_94' title='bbox 372 2219 457 2301; x_wconf 84' lang='lat' dir='ltr'>edat</span> <span class='ocrx_word' id='word_1_95' title='bbox 467 2219 619 2301; x_wconf 89' lang='lat' dir='ltr'>tacitam</span> <span class='ocrx_word' id='word_1_96' title='bbox 637 2217 767 2319; x_wconf 87' lang='lat' dir='ltr'>dolor;</span> <span class='ocrx_word' id='word_1_97' title='bbox 797 2239 836 2303; x_wconf 88' lang='lat' dir='ltr'>et</span> <span class='ocrx_word' id='word_1_98' title='bbox 852 2221 950 2306; x_wconf 89' lang='lat' dir='ltr'>mihi</span> <span class='ocrx_word' id='word_1_99' title='bbox 967 2252 1079 2309; x_wconf 87' lang='lat' dir='ltr'>curae</span> 
     </span>
     <span class='ocr_line' id='line_1_15' title="bbox 81 2359 898 2473; baseline 0.006 -31"><span class='ocrx_word' id='word_1_100' title='bbox 81 2360 199 2473; x_wconf 85' lang='lat' dir='ltr'>Saepe</span> <span class='ocrx_word' id='word_1_101' title='bbox 219 2376 287 2443; x_wconf 90' lang='lat' dir='ltr'>tuo</span> <span class='ocrx_word' id='word_1_102' title='bbox 303 2359 407 2443; x_wconf 89' lang='lat' dir='ltr'>dulci</span> <span class='ocrx_word' id='word_1_103' title='bbox 418 2359 536 2442; x_wconf 87' lang='lat' dir='ltr'>tristes</span> <span class='ocrx_word' id='word_1_104' title='bbox 548 2388 598 2442; x_wconf 85' lang='lat' dir='ltr'>ex</span> <span class='ocrx_word' id='word_1_105' title='bbox 615 2372 680 2442; x_wconf 81' lang='lat' dir='ltr'>ure</span> <span class='ocrx_word' id='word_1_106' title='bbox 699 2361 898 2449; x_wconf 78' lang='lat' dir='ltr'>recurrent.</span> 
     </span>
     <span class='ocr_line' id='line_1_16' title="bbox 78 2498 1163 2614; baseline 0.009 -34"><span class='ocrx_word' id='word_1_107' title='bbox 78 2501 251 2584; x_wconf 86' lang='lat' dir='ltr'>Ventum</span> <span class='ocrx_word' id='word_1_108' title='bbox 264 2501 311 2583; x_wconf 91' lang='lat' dir='ltr'>ad</span> <span class='ocrx_word' id='word_1_109' title='bbox 325 2498 546 2611; x_wconf 88' lang='lat' dir='ltr'>supremum</span> <span class='ocrx_word' id='word_1_110' title='bbox 563 2501 629 2583; x_wconf 89' lang='lat' dir='ltr'>est.</span> <span class='ocrx_word' id='word_1_111' title='bbox 660 2503 765 2587; x_wconf 82' lang='lat' dir='ltr'>terris</span> <span class='ocrx_word' id='word_1_112' title='bbox 784 2504 921 2614; x_wconf 85' lang='lat' dir='ltr'>agitare</span> <span class='ocrx_word' id='word_1_113' title='bbox 938 2506 998 2589; x_wconf 82' lang='lat' dir='ltr'>vel</span> <span class='ocrx_word' id='word_1_114' title='bbox 1010 2498 1121 2590; x_wconf 73' lang='lat' dir='ltr'>undis</span> <span class='ocrx_word' id='word_1_115' title='bbox 1158 2518 1163 2539; x_wconf 88' lang='lat'>&#39;</span> 
     </span>
     <span class='ocr_line' id='line_1_17' title="bbox 78 2641 1069 2755; baseline 0.005 -28"><span class='ocrx_word' id='word_1_116' title='bbox 78 2646 264 2755; x_wconf 84' lang='lat' dir='ltr'>Trojanos</span> <span class='ocrx_word' id='word_1_117' title='bbox 276 2641 441 2753; x_wconf 87' lang='lat' dir='ltr'>potuisti,</span> <span class='ocrx_word' id='word_1_118' title='bbox 473 2642 673 2725; x_wconf 87' lang='lat' dir='ltr'>infandum</span> <span class='ocrx_word' id='word_1_119' title='bbox 689 2642 891 2729; x_wconf 86' lang='lat' dir='ltr'>ac&#39;cendere</span> <span class='ocrx_word' id='word_1_120' title='bbox 908 2648 1069 2750; x_wconf 88' lang='lat' dir='ltr'>bellum,</span> 
     </span>
     <span class='ocr_line' id='line_1_18' title="bbox 79 2783 1162 2899; baseline 0.004 -30"><span class='ocrx_word' id='word_1_121' title='bbox 79 2789 307 2869; x_wconf 84' lang='lat' dir='ltr'>Desormare</span> <span class='ocrx_word' id='word_1_122' title='bbox 320 2783 496 2883; x_wconf 88' lang='lat' dir='ltr'>domum,</span> <span class='ocrx_word' id='word_1_123' title='bbox 524 2802 561 2866; x_wconf 89' lang='lat' dir='ltr'>et</span> <span class='ocrx_word' id='word_1_124' title='bbox 579 2784 683 2866; x_wconf 72' lang='lat' dir='ltr'>luctu</span> <span class='ocrx_word' id='word_1_125' title='bbox 695 2787 849 2869; x_wconf 89' lang='lat' dir='ltr'>miscere</span> <span class='ocrx_word' id='word_1_126' title='bbox 866 2785 1108 2899; x_wconf 84' lang='lat' dir='ltr'>hymenaeos.</span> <span class='ocrx_word' id='word_1_127' title='bbox 1157 2784 1162 2791; x_wconf 72' lang='grc'><strong>’</strong></span> 
     </span>
     <span class='ocr_line' id='line_1_19' title="bbox 78 2925 1149 3040; baseline 0.005 -30"><span class='ocrx_word' id='word_1_128' title='bbox 78 2928 245 3010; x_wconf 86' lang='lat' dir='ltr'>Ulterius</span> <span class='ocrx_word' id='word_1_129' title='bbox 262 2943 403 3008; x_wconf 85' lang='lat' dir='ltr'>tentare</span> <span class='ocrx_word' id='word_1_130' title='bbox 418 2944 515 3009; x_wconf 89' lang='lat' dir='ltr'>veto.</span> <span class='ocrx_word' id='word_1_131' title='bbox 545 2926 597 3006; x_wconf 86' lang='lat' dir='ltr'>fic</span> <span class='ocrx_word' id='word_1_132' title='bbox 612 2925 760 3040; x_wconf 90' lang='lat' dir='ltr'>Jupiter</span> <span class='ocrx_word' id='word_1_133' title='bbox 778 2925 903 3027; x_wconf 86' lang='lat' dir='ltr'>orsus;</span> <span class='ocrx_word' id='word_1_134' title='bbox 1060 2932 1149 3015; x_wconf 82' lang='lat'>806</span> 
     </span>
     <span class='ocr_line' id='line_1_20' title="bbox 78 3058 1159 3154; baseline -0.001 0"><span class='ocrx_word' id='word_1_135' title='bbox 78 3074 139 3154; x_wconf 88' lang='lat' dir='ltr'>Sic</span> <span class='ocrx_word' id='word_1_136' title='bbox 157 3058 226 3153; x_wconf 89' lang='lat' dir='ltr'>dea</span> <span class='ocrx_word' id='word_1_137' title='bbox 239 3068 414 3151; x_wconf 78' lang='lat' dir='ltr'>submisso</span> <span class='ocrx_word' id='word_1_138' title='bbox 429 3084 557 3148; x_wconf 90' lang='lat' dir='ltr'>contra</span> <span class='ocrx_word' id='word_1_139' title='bbox 571 3068 739 3148; x_wconf 88' lang='lat' dir='ltr'>Saturnia</span> <span class='ocrx_word' id='word_1_140' title='bbox 754 3065 887 3153; x_wconf 82' lang='lat' dir='ltr'>vultu:</span> <span class='ocrx_word' id='word_1_141' title='bbox 1156 3066 1159 3071; x_wconf 65' lang='grc'><strong>’</strong></span> 
     </span>
     <span class='ocr_line' id='line_1_21' title="bbox 77 3179 1147 3323; baseline 0.002 -30"><span class='ocrx_word' id='word_1_142' title='bbox 77 3214 151 3295; x_wconf 82' lang='lat' dir='ltr'>Ista</span> <span class='ocrx_word' id='word_1_143' title='bbox 168 3209 327 3323; x_wconf 90' lang='lat' dir='ltr'>quidem</span> <span class='ocrx_word' id='word_1_144' title='bbox 345 3209 433 3318; x_wconf 89' lang='lat' dir='ltr'>quia</span> <span class='ocrx_word' id='word_1_145' title='bbox 454 3226 542 3290; x_wconf 84' lang='lat' dir='ltr'>nota</span> <span class='ocrx_word' id='word_1_146' title='bbox 562 3205 661 3288; x_wconf 92' lang='lat' dir='ltr'>mihi</span> <span class='ocrx_word' id='word_1_147' title='bbox 676 3226 751 3305; x_wconf 88' lang='lat' dir='ltr'>tua,</span> <span class='ocrx_word' id='word_1_148' title='bbox 784 3179 934 3318; x_wconf 83' lang='lat' dir='ltr'>magne,</span> <span class='ocrx_word' id='word_1_149' title='bbox 964 3210 1147 3316; x_wconf 83' lang='lat' dir='ltr'>voluntas,</span> 
     </span>
     <span class='ocr_line' id='line_1_22' title="bbox 77 3347 1011 3466; baseline -0.002 -31"><span class='ocrx_word' id='word_1_150' title='bbox 77 3354 240 3466; x_wconf 90' lang='lat' dir='ltr'>Jupiter,</span> <span class='ocrx_word' id='word_1_151' title='bbox 273 3367 311 3432; x_wconf 89' lang='lat' dir='ltr'>et</span> <span class='ocrx_word' id='word_1_152' title='bbox 323 3352 515 3445; x_wconf 89' lang='lat' dir='ltr'>Turnum,</span> <span class='ocrx_word' id='word_1_153' title='bbox 547 3367 585 3430; x_wconf 91' lang='lat' dir='ltr'>et</span> <span class='ocrx_word' id='word_1_154' title='bbox 600 3366 711 3429; x_wconf 83' lang='lat' dir='ltr'>terras</span> <span class='ocrx_word' id='word_1_155' title='bbox 729 3347 845 3429; x_wconf 85' lang='lat' dir='ltr'>invita</span> <span class='ocrx_word' id='word_1_156' title='bbox 863 3347 1011 3460; x_wconf 85' lang='lat' dir='ltr'>reliqui.</span> 
     </span>
     <span class='ocr_line' id='line_1_23' title="bbox 76 3488 1146 3578; baseline 0.001 -1"><span class='ocrx_word' id='word_1_157' title='bbox 76 3496 165 3578; x_wconf 90' lang='lat' dir='ltr'>Nec</span> <span class='ocrx_word' id='word_1_158' title='bbox 181 3512 223 3574; x_wconf 91' lang='lat' dir='ltr'>tu</span> <span class='ocrx_word' id='word_1_159' title='bbox 236 3520 301 3573; x_wconf 92' lang='lat' dir='ltr'>me</span> <span class='ocrx_word' id='word_1_160' title='bbox 318 3490 414 3572; x_wconf 67' lang='lat' dir='ltr'>aeria</span> <span class='ocrx_word' id='word_1_161' title='bbox 428 3489 547 3571; x_wconf 90' lang='lat' dir='ltr'>solam</span> <span class='ocrx_word' id='word_1_162' title='bbox 567 3516 669 3571; x_wconf 92' lang='lat' dir='ltr'>nunc</span> <span class='ocrx_word' id='word_1_163' title='bbox 680 3488 764 3570; x_wconf 88' lang='lat' dir='ltr'>sede</span> <span class='ocrx_word' id='word_1_164' title='bbox 775 3488 918 3572; x_wconf 86' lang='lat' dir='ltr'>videres</span> <span class='ocrx_word' id='word_1_165' title='bbox 1059 3493 1146 3578; x_wconf 80' lang='lat'>810</span> 
     </span>
     <span class='ocr_line' id='line_1_24' title="bbox 79 3629 1161 3746; baseline -0.004 -28"><span class='ocrx_word' id='word_1_166' title='bbox 79 3636 208 3746; x_wconf 85' lang='lat' dir='ltr'>Digna</span> <span class='ocrx_word' id='word_1_167' title='bbox 219 3633 372 3742; x_wconf 85' lang='lat' dir='ltr'>indigna</span> <span class='ocrx_word' id='word_1_168' title='bbox 387 3631 486 3743; x_wconf 82' lang='lat' dir='ltr'>pati3</span> <span class='ocrx_word' id='word_1_169' title='bbox 518 3630 580 3710; x_wconf 87' lang='lat' dir='ltr'>sed</span> <span class='ocrx_word' id='word_1_170' title='bbox 595 3629 760 3710; x_wconf 83' lang='lat' dir='ltr'>flammis</span> <span class='ocrx_word' id='word_1_171' title='bbox 772 3630 894 3712; x_wconf 73' lang='lat' dir='ltr'>cineta</span> <span class='ocrx_word' id='word_1_172' title='bbox 910 3631 979 3713; x_wconf 90' lang='lat' dir='ltr'>sub</span> <span class='ocrx_word' id='word_1_173' title='bbox 998 3631 1118 3743; x_wconf 88' lang='lat' dir='ltr'>ipsam</span> <span class='ocrx_word' id='word_1_174' title='bbox 1157 3692 1161 3697; x_wconf 87' lang='lat'><em>-</em></span> 
     </span>
     <span class='ocr_line' id='line_1_25' title="bbox 76 3769 1149 3881; baseline -0.004 -22"><span class='ocrx_word' id='word_1_175' title='bbox 76 3779 221 3859; x_wconf 81' lang='lat' dir='ltr'>Starem</span> <span class='ocrx_word' id='word_1_176' title='bbox 234 3774 369 3872; x_wconf 86' lang='lat' dir='ltr'>aciem,</span> <span class='ocrx_word' id='word_1_177' title='bbox 396 3769 659 3880; x_wconf 87' lang='lat' dir='ltr'>traheremque</span> <span class='ocrx_word' id='word_1_178' title='bbox 673 3769 826 3852; x_wconf 90' lang='lat' dir='ltr'>inimica</span> <span class='ocrx_word' id='word_1_179' title='bbox 838 3771 878 3853; x_wconf 91' lang='lat' dir='ltr'>in</span> <span class='ocrx_word' id='word_1_180' title='bbox 890 3772 1028 3881; x_wconf 85' lang='lat' dir='ltr'>praelia</span> <span class='ocrx_word' id='word_1_181' title='bbox 1040 3775 1149 3855; x_wconf 88' lang='lat' dir='ltr'>Teu-</span> 
     </span>
     <span class='ocr_line' id='line_1_26' title="bbox 260 3943 355 4001; baseline 0.021 -2"><span class='ocrx_word' id='word_1_182' title='bbox 260 3943 355 4001; x_wconf 89' lang='lat' dir='ltr'>cros.</span> 
     </span>
     <span class='ocr_line' id='line_1_27' title="bbox 77 4040 1022 4170; baseline -0.006 -29"><span class='ocrx_word' id='word_1_183' title='bbox 77 4062 280 4170; x_wconf 88' lang='lat' dir='ltr'>Juturnam</span> <span class='ocrx_word' id='word_1_184' title='bbox 291 4056 438 4159; x_wconf 87' lang='lat' dir='ltr'>misero,</span> <span class='ocrx_word' id='word_1_185' title='bbox 471 4053 601 4155; x_wconf 83' lang='lat' dir='ltr'>fateor,</span> <span class='ocrx_word' id='word_1_186' title='bbox 633 4054 841 4136; x_wconf 86' lang='lat' dir='ltr'>succurrere</span> <span class='ocrx_word' id='word_1_187' title='bbox 853 4051 957 4136; x_wconf 86' lang='lat' dir='ltr'>fratri</span> <span class='ocrx_word' id='word_1_188' title='bbox 1018 4040 1022 4047; x_wconf 45' lang='lat'>¹</span> 
     </span>
    </p>
   </div>
   <div class='ocr_carea' id='block_1_3' title="bbox 76 4195 1161 4420">
    <p class='ocr_par' dir='ltr' id='par_1_3' title="bbox 76 4195 1161 4420">
     <span class='ocr_line' id='line_1_28' title="bbox 76 4195 1161 4313; baseline -0.009 -31"><span class='ocrx_word' id='word_1_189' title='bbox 76 4199 191 4301; x_wconf 81' lang='lat' dir='ltr'>Suafi,</span> <span class='ocrx_word' id='word_1_190' title='bbox 222 4216 260 4281; x_wconf 92' lang='lat' dir='ltr'>et</span> <span class='ocrx_word' id='word_1_191' title='bbox 273 4225 342 4313; x_wconf 89' lang='lat' dir='ltr'>pro</span> <span class='ocrx_word' id='word_1_192' title='bbox 359 4197 436 4281; x_wconf 89' lang='lat' dir='ltr'>vita</span> <span class='ocrx_word' id='word_1_193' title='bbox 448 4198 590 4309; x_wconf 90' lang='lat' dir='ltr'>majora</span> <span class='ocrx_word' id='word_1_194' title='bbox 602 4196 737 4285; x_wconf 85' lang='lat' dir='ltr'>audere</span> <span class='ocrx_word' id='word_1_195' title='bbox 748 4195 930 4310; x_wconf 76' lang='lat' dir='ltr'>probavi3</span> <span class='ocrx_word' id='word_1_196' title='bbox 1055 4212 1060 4219; x_wconf 79' lang='grc'><em>’</em></span> <span class='ocrx_word' id='word_1_197' title='bbox 1154 4246 1161 4261; x_wconf 80' lang='lat'><em>-</em></span> 
     </span>
     <span class='ocr_line' id='line_1_29' title="bbox 1050 4334 1146 4420; baseline -0.021 0"><span class='ocrx_word' id='word_1_198' title='bbox 1050 4334 1146 4420; x_wconf 93' lang='lat' dir='ltr'>Non</span> 
     </span>
    </p>
   </div>
   <div class='ocr_carea' id='block_1_4' title="bbox 0 0 1440 5176">
    <p class='ocr_par' dir='ltr' id='par_1_4' title="bbox 0 0 1440 5176">
     <span class='ocr_line' id='line_1_30' title="bbox 0 0 1440 5176; baseline 0 1"><span class='ocrx_word' id='word_1_199' title='bbox 0 0 1440 5176; x_wconf 95' lang='lat' dir='ltr'> </span> 
     </span>
    </p>
   </div>
  </div>
 </body>
</html>
