2872 5176
314 313 993 410 Anuu1nos.L1nVIl.
1114 346 1179 444 79
1325 452 1328 457 Ι

105 523 178 608 Dis
194 519 322 603 sedem
344 520 522 629 exiguam
544 517 667 627 patriis
693 516 853 628 litusque
863 544 1040 627 rogamus

79 670 338 767 innocuum,
366 683 406 745 et
437 662 585 744 cuneis
622 662 840 772 undamque
866 690 1072 774 auramque
1108 692 1178 777 pe.

290 823 447 887 tentem.
557 866 561 873 -

107 947 359 1031 Non'erimus
369 972 484 1055 regno
499 943 708 1042 indecores;
726 972 796 1025 nec
807 944 927 1027 vestra
939 945 1077 1029 feretur
1093 975 1116 1031 a
1124 972 1174 1061 31-

108 1087 228 1169 Fama
245 1086 347 1184 leuis,
361 1085 526 1192 tantique
539 1080 722 1164 abolescet
737 1084 853 1192 gratia
868 1083 980 1166 faeti:

110 1230 196 1311 Nec
210 1230 369 1336 Trojam
388 1226 574 1307 Ausonios
587 1226 732 1334 gremio
752 1225 933 1335 excepiffe
943 1227 1096 1337 pigebit.

110 1369 202 1451 Fata
214 1396 280 1478 per
296 1371 443 1447 Aeneae
453 1369 553 1475 juro,
570 1366 814 1475 dextramque
833 1384 1038 1476 potentem,

111 1509 194 1591 Sive
207 1509 295 1607 fide,
309 1508 371 1589 seu
383 1508 467 1616 quis
486 1506 586 1587 bello
604 1507 657 1587 est
676 1525 849 1618 expertus
869 1526 907 1589 et
919 1509 1055 1607 armis3
1090 1534 1181 1627 235

111 1651 231 1732 Multi
249 1679 316 1731 nos
330 1648 477 1759 populi,
497 1647 651 1745 multae,
668 1676 715 1728 ne
732 1665 874 1747 temne,
893 1651 997 1760 quod
1013 1650 1115 1731 ultro

110 1791 357 1874 Praeferimus
371 1790 546 1871 manibus
558 1790 664 1871 vittas
683 1818 726 1871 ac
747 1789 857 1872 verba
874 1809 1109 1902 precantum,

111 1936 163 2017 Et
181 1936 319 2045 petiere
331 1933 399 2013 fibi
411 1951 449 2014 et
462 1931 611 2014 voluere
623 1932 821 2041 adjungere
833 1950 973 2042 gentes.

112 2075 184 2179 Sed
199 2103 267 2157 nos
284 2073 359 2154 fata
376 2074 493 2155 deum
508 2073 642 2153 vestras
658 2073 851 2181 exquirere
868 2091 981 2157 terras

112 2216 284 2327 imperiis
296 2242 403 2323 egere
422 2213 506 2296 suis.
538 2212 628 2292 hinc
649 2204 846 2292 Dardanus
867 2232 981 2311 ortus,
1092 2242 1179 2322 240

112 2357 206 2443 Huc
224 2355 377 2464 repetit:
403 2353 580 2463 juffisque
594 2353 804 2462 ingentibus
821 2373 928 2464 urget
939 2352 1083 2465 Apelle

112 2495 361 2606 Tyrrhenum
374 2496 422 2576 ad
434 2495 611 2605 Tybrim,
627 2492 669 2576 et‘
677 2492 790 2575 fontis
796 2495 888 2577 vada
899 2495 997 2578 sacra
1007 2493 1180 2579 Numici.

114 2639 193 2719 Dat
206 2636 275 2717 tibi
292 2654 478 2747 praeterea
498 2637 668 2718 fortunae
681 2664 792 2747 parva
808 2636 939 2747 prioris

115 2778 291 2880 Munera,
312 2777 500 2887 relliquias
521 2779 637 2886 Troja
663 2804 711 2857 ex
723 2778 874 2856 ardente
890 2797 1065 2888 receptas.

115 2918 204 2999 Hoc
222 2936 325 3027 pater
344 2915 524 2999 Anchises
540 2946 630 2998 auro
648 2915 786 2997 libabat
796 2917 843 2995 ad
854 2944 955 2999 aras:
1094 2942 1150 3028 ²4
1157 2943 1182 3032 ς

116 3058 206 3138 Hoc
223 3058 362 3137 Priami
380 3057 570 3167 gestamen
584 3074 673 3155 erat,
693 3085 786 3137 cum
804 3058 889 3165 jura
907 3055 1044 3137 vocatis

115 3199 229 3279 More
242 3199 344 3279 daret
362 3200 522 3309 populis,
545 3165 820 3310 sceptrumque,
835 3198 1006 3307 sacerque
1018 3196 1138 3296 tiaras,

116 3339 352 3449 Iliadumque
372 3339 476 3421 labor
498 3340 625 3423 vestes.

114 3460 272 3561 ‘rursus
292 3481 424 3561 usone
437 3483 544 3563 dinis
562 3481 686 3562 defixa
698 3480 858 3563 Latinus

116 3619 266 3702 Obtutu
282 3638 382 3702 tenet
407 3649 482 3720 ora,
502 3623 653 3732 soloque
667 3620 873 3703 immobilis
892 3618 1019 3702 haeret
1099 3642 1122 3700 a
1130 3642 1188 3728 5⁰

115 3763 281 3843 Intentos
299 3761 451 3844 volvens
465 3763 593 3846 oculos
609 3795 619 3845 ε
651 3789 722 3844 nec
736 3789 900 3874 purpura
916 3787 1046 3872 regem

115 3905 221 3987 Pina
236 3924 374 4005 movet,
396 3935 465 3988 nec
484 3909 624 4016 sceptra
637 3922 791 3986 movent
805 3904 992 3986 Priameia
1008 3915 1171 4004 tantum,

114 4050 315 4159 Qantum
332 4048 371 4129 in
386 4050 577 4131 connubio
594 4068 699 4130 natae
715 4045 958 4158 thalamoque
975 4059 1156 4141 moratur,
1285 4086 1288 4090 ·

113 4192 166 4273 Et
179 4189 313 4275 veteris
332 4191 455 4274 Fauni
473 4189 587 4275 volvit
606 4191 673 4274 sub
686 4192 836 4300 pedore
854 4189 1003 4273 sortem.

962 4394 965 4398 ,
1070 4323 1190 4406 Hunc
