2872 5176
259 308 338 456 ,84
457 331 1141 431 P.Vraern11Manon1s

268 537 308 616 O
325 534 491 645 genitor?
520 563 589 615 nec
607 553 644 615 te
659 535 805 616 miseret
820 551 998 644 nataeque
1016 533 1170 643 tuique?
1244 509 1331 652 36¹9

261 672 357 758 Nec
377 675 504 756 matris
515 673 675 770 miseret,
694 701 809 782 quam
825 674 948 783 primo
964 671 1140 782 aquilone
1151 672 1336 784 relinquet

270 811 452 909 Perfidus,
479 811 552 893 alta
571 830 710 922 petens,
742 811 902 891 abdudta
919 809 1074 919 virgine,
1110 813 1272 920 praedo?

256 956 329 1035 ·At
346 982 421 1035 non
435 954 485 1033 src
499 951 683 1062 Phrygius
694 968 857 1060 penetrat
870 951 1153 1032 Lacedaemona
1168 953 1303 1065 pallor,

274 1093 539 1198 Ledaeamque
552 1091 741 1171 Helenam
754 1091 936 1195 Trojanas
956 1091 1057 1170 vexit
1068 1090 1115 1170 ad
1132 1098 1255 1176 arces?

276 1233 381 1343 Qid
399 1249 462 1311 tua
475 1230 597 1309 sanna
614 1228 727 1309 fides?
758 1228 851 1336 quid
868 1255 956 1307 cura
973 1229 1125 1340 antiqua
1137 1247 1304 1329 tuorum,
1319 1259 1329 1274 ‘

261 1366 619 1475 <Etconsanguineo
637 1367 743 1446 toties
760 1364 846 1445 data
857 1365 1008 1446 dextera
1025 1368 1184 1450 Turno?
1248 1372 1332 1481 366

162 1507 164 1511 ’
278 1509 318 1588 Si
338 1535 449 1617 gener
463 1524 613 1586 externa
630 1505 766 1615 petitur
780 1503 827 1583 de
846 1522 955 1612 gente
975 1507 1129 1605 Latinis,

279 1644 400 1753 quue
414 1643 526 1740 sedet,
559 1626 754 1750 Faunique
774 1659 950 1750 premunt
968 1660 1005 1722 te
1016 1640 1111 1750 julia
1127 1644 1319 1753 parentis,

280 1786 451 1865 Omnem
469 1780 647 1889 equidem
660 1780 808 1890 sceptris
823 1800 958 1860 terram
973 1810 1068 1889 quae
1081 1780 1194 1862 libera
1211 1781 1342 1862 nostris

259 1919 454 2020 ··=Diffidet,
477 1937 675 2000 externam
692 1946 794 2015 reor3
826 1938 863 1999 et
876 1916 926 1998 fic
947 1918 1067 2000 dicere
1080 1920 1196 2004 divos.
1251 1922 1337 2035 376

132 2086 137 2094 ·
279 2063 331 2144 Et
341 2063 487 2158 Turno,
518 2059 546 2138 li
566 2058 688 2167 prima
706 2058 841 2137 domus
859 2076 1041 2167 repetatur
1060 2060 1180 2167 origo,

283 2196 445 2280 Inachus
465 2195 700 2305 Acrisiusque
713 2212 843 2308 patres,
875 2196 1096 2304 mediaeque
1111 2180 1325 2306 Mycenae.‘'

283 2339 358 2419 His
371 2336 435 2418 ubi
456 2335 707 2444 nequicquam
726 2335 834 2414 diois
851 2353 1013 2444 experta,
1044 2337 1223 2417 Latinum
1323 2387 1326 2392 -

268 2477 425 2556 aconem
438 2473 530 2552 stare
550 2475 650 2552 videt
657 2514 669 2570 3
698 2474 916 2582 penitusque
933 2474 973 2552 in
992 2476 1124 2554 viscera
1141 2474 1284 2585 lapsum
1322 2485 1326 2511 ¹

272 2614 470 2726 »Serpentis
483 2612 611 2696 furiale
629 2613 787 2710 malum,
819 2631 1009 2723 totamque
1028 2638 1208 2724 pererrat;
1257 2618 1342 2731 37'5

286 2759 395 2840 Turn
413 2784 498 2837 vero
515 2753 658 2853 infelix,
687 2757 896 2864 ingentibus
908 2759 1028 2837 excita
1044 2760 1227 2857 monstris,

117 2952 120 2959 ,
200 2984 202 2989 y
275 2895 517 2985 immensam
533 2894 608 2974 fine
626 2923 732 2975 more
751 2893 841 2975 furit
859 2893 1052 3004 lymphata
1078 2926 1142 3004 per
1162 2899 1316 2978 urbem:
1365 2949 1373 2973 .

11 4141 16 4151 '
126 4240 129 4247 Ι
292 4145 418 4256 Majus
434 4143 563 4229 adorsa
580 4147 695 4252 nefas,
727 4152 1075 4263 majoremqueorla
1092 4155 1273 4250 furorem,
1306 4203 1329 4214 ·-

288 3038 371 3115 Ceu
389 3035 582 3146 quondam
607 3051 705 3113 torto
721 3034 876 3114 volitans
895 3033 961 3112 sub
978 3035 1125 3113 verbere
1143 3034 1266 3130 turbo,

288 3175 417 3279 Qem
436 3171 540 3283 pueri
556 3199 695 3280 magno
707 3173 745 3252 in
760 3200 852 3281 gyro
870 3199 986 3253 vacua
997 3174 1085 3252 atria
1096 3174 1240 3254 circum

289 3311 425 3392 lntenti
439 3309 535 3389 -ludo
554 3320 745 3390 exercent:
776 3310 839 3390 ille
856 3313 958 3390 astus
969 3309 1114 3392 habena
1258 3315 1345 3425 380

289 3451 458 3532 Curvatis
470 3448 585 3531 fertur
599 3449 740 3560 spatiis:
772 3450 893 3561 stupet
911 3451 1022 3532 inscia
1035 3454 1153 3564 supra,
1313 3452 1316 3459 ⁴

280 3586 539 3698 {Impubesque
559 3616 705 3687 manus,
736 3590 868 3672 mirata
888 3590 1049 3672 volubile
1063 3595 1230 3676 buxum:

290 3731 395 3811 Dant
412 3728 557 3809 animos
575 3729 716 3840 plagae.
748 3760 824 3811 non
845 3702 952 3812 cursu
967 3733 1107 3840 segnior
1123 3735 1191 3814 illo

290 3870 362 3949 Per
382 3867 524 3948 medias
537 3868 645 3949 urbes
658 3870 776 3978 agitur
799 3871 1029 3981 populosque
1046 3874 1200 3958 feroces.
1329 3933 1330 3936 a

291 4006 525 4101 Quinetiam
538 4007 578 4086 in
591 4006 722 4114 sylvas,
741 4010 909 4093 fimulato
922 4014 1076 4096 numine
1095 4015 1245 4113 Bacchi,
1265 4017 1348 4127 385

1207 4291 1357 4390 Evolat,
