2872 5176
204 415 279 516 72
422 384 472 480 P.
505 385 767 481 Vrnornrr
804 383 1079 479 Manours

204 584 446 699 Hesperiam.
477 588 595 696 major
613 615 739 668 rerum
758 586 854 668 mihi
869 585 1025 665 nascitur
1044 582 1149 678 ordo,

209 704 338 838 Majus
351 751 445 836 opus
458 753 605 812 moveo.
627 739 692 806 rex
707 753 791 806 arva
810 724 964 804 Latinos
981 741 1018 801 et
1033 722 1143 802 urbes
1211 745 1249 826 ·4
1257 745 1280 829 ς

209 869 301 975 Jarn
320 864 439 948 senior
463 862 575 974 longa
591 861 752 974 placidas
771 865 810 943 in
829 891 919 972 pace
930 861 1091 970 regebat.

210 1001 330 1082 Hunc
350 1000 482 1081 Fauno
500 1018 537 1082 et
550 1000 721 1112 nympha
739 1001 907 1109 genitum
922 1003 1106 1080 Laurente
1118 995 1265 1077 Marica

210 1141 446 1252 Accipimus.
478 1140 611 1223 Fauno
629 1143 742 1224 Picus
755 1160 879 1249 pater3
913 1141 1015 1248 isque
1034 1156 1228 1251 parentem

211 1283 286 1378 Te,
302 1283 469 1381 Saturne,
485 1282 619 1379 refert3
650 1299 694 1360 tu
709 1282 893 1389 sanguinis
911 1280 1068 1361 ultimus
1081 1282 1221 1365 auctor.

208 1422 328 1504 Filius
358 1419 461 1521 huic,
486 1421 564 1502 fato
581 1421 724 1518 divum,
751 1420 944 1530 prolesque
960 1420 1075 1501 virilis
1225 1444 1281 1528 50

211 1561 333 1645 Nulla
345 1563 429 1659 sirit,
446 1563 642 1674 primaque
656 1564 776 1643 oriens
794 1584 918 1671 erepta
931 1565 1083 1671 juventa
1101 1560 1166 1644 est.

212 1703 300 1789 sola
316 1705 478 1787 domum
493 1725 529 1786 et
543 1724 659 1786 tantas
667 1706 830 1795 servabat
843 1705 919 1786 filia
938 1707 1052 1805 sedes,

213 1847 306 1954 Jam
323 1866 469 1933 matura
484 1849 575 1947 vir0,
582 1849 664 1955 jam
679 1847 797 1958 plenis
810 1847 946 1926 nubilis
967 1849 1084 1928 annis.

209 1983 333 2067 Multi
351 1985 457 2069 illam
474 2015 613 2096 magno
631 2015 653 2067 e
668 1988 777 2070 Latio
795 2004 944 2095 totaque
959 1987 1133 2094 petebant

209 2125 390 2212 Ausonia.
421 2128 514 2239 petit
530 2148 617 2210 ante
634 2128 724 2209 alios
739 2127 1012 2239 pulcherrimus
1030 2155 1161 2208 omnes
1226 2153 1249 2235 5
1257 2150 1281 2240 ς

210 2248 384 2368 Turnus,
404 2270 480 2350 avis
497 2270 681 2380 atavisque
701 2289 843 2381 potens,
869 2294 986 2377 quem
1000 2269 1103 2378 regia
1115 2268 1253 2374 conjux

209 2400 385 2514 vAdjungi
398 2433 579 2514 generum
593 2410 691 2489 miro
709 2407 926 2518 properabat
939 2433 1086 2487 amore:

215 2544 290 2626 Sed
308 2544 417 2627 variis
436 2566 605 2656 portenta
618 2549 734 2628 deum
754 2548 953 2629 terroribus
970 2548 1125 2630 obstant.

210 2684 359 2774 Laurus
372 2704 450 2767 erat
461 2688 549 2768 teeti
565 2689 703 2786 medi0,
726 2691 764 2770 in
778 2690 1026 2799 penetralibus
1041 2687 1133 2782 altis,
1230 2711 1284 2794 59

219 2827 331 2908 Sacra
344 2853 510 2930 comam,
531 2829 744 2939 multosque
761 2849 868 2912 metu
887 2832 1023 2915 servata
1038 2858 1104 2941 per
1120 2853 1260 2908 annos:

212 2966 347 3074 Qam
364 2989 467 3080 pater
486 2973 689 3071 inventam,
712 2975 849 3082 primas
868 3003 958 3055 cum
972 2973 1147 3056 conderet
1161 2994 1272 3063 arces,

214 3107 300 3216 lpse
317 3109 501 3191 ferebatur
521 3112 676 3192 Phoebo
694 3113 844 3193 sacrasse
862 3116 1030 3211 Latinus,

216 3244 486 3359 Laurentisque
500 3251 548 3331 ab
567 3281 611 3336 ea
630 3281 770 3332 nomen
784 3253 938 3367 pbsuiffe
956 3253 1109 3333 colonis,

217 3384 347 3494 Hujus
363 3416 451 3499 apes
468 3390 660 3471 summum
680 3392 823 3493 densae,
844 3391 1014 3473 mirabile
1034 3392 1150 3487 dictu,

219 3506 388 3611 Stridore
401 3530 542 3639 ingenti
559 3533 749 3642 liquidum
768 3551 865 3612 trans
884 3531 1032 3612 aethera
1048 3533 1187 3624 vectae,
1233 3533 1257 3609 6
1265 3556 1287 3638 5

221 3667 409 3749 Obsodere
430 3668 599 3778 apicem:
631 3691 680 3770 et,
699 3673 856 3784 pedibus
873 3699 939 3782 per
957 3687 1090 3752 mutua
1114 3666 1232 3763 nenia,

217 3812 394 3896 Examen
411 3811 576 3894 subitum
594 3841 701 3895 ramo
718 3812 914 3893 frondente
934 3810 1123 3922 pependit.

221 3951 415 4032 Continuo
429 3970 540 4050 vates,
558 3972 756 4035 externum
769 3953 970 4052 cernimus,
988 3951 1124 4061 inquit,

223 4089 436 4182 Adventare
449 4093 599 4196 virum5
617 4113 655 4175 et
671 4111 790 4204 partes
809 4110 931 4204 petere
948 4119 1087 4206 agmen
1104 4089 1255 4182 easdem

224 4231 454 4327 Parauaea
469 4232 600 4356 ism,
618 4253 657 4320 et
673 4234 823 4329 summa
836 4234 1062 4321 dominarier
1078 4260 1174 4318 arce.
1238 4255 1297 4343 70

1090 4376 1295 4467 Praeterea
