2872 5176
252 348 357 489 ¹1²56
461 352 1129 455 P2.Vrnernrr=Mrno‘nrr

251 544 495 674 Obstipuere
512 533 630 643 arina
643 558 816 643 nuans:
834 557 1054 641 conterritus
1067 557 1169 670 ipa·-
1342 566 1345 571 ·

254 680 787 811 Turbatis‘Meffapus-equis:
818 694 1014 781 cunctatur
1033 715 1070 778 et
1080 695 1221 780 amnia·

255 840 391 953 Rauca
401 838 547 943 sonans,
558 859 783 951 revocatque
791 839 936 951 pedem
949 837 1165 947 Tyberinua
1179 834 1230 919 ab
1239 832 1342 922 alto.-

320 984 377 1065 At
390 999 468 1063 non
478 972 610 1063 audaci
624 981 728 1063 ceffit
740 978 877 1061 fiducia
890 980 1055 1061 Turno:
1243 980 1334 1063 126

114 1142 117 1147 ’
258 1122 373 1215 Ultro
390 1124 537 1207 animos
543 1124 652 1207 tollit
664 1124 790 1224 dicein·
806 1123 926 1232 ¹atque
944 1122 1110 1232 increpat
1122 1117 1241 1204 ultra:

252 1262 555 1375 ,Trojanoehaec
565 1263 731 1346 monstra
749 1278 901 1374 petunt3
933 1257 992 1341 his
1006 1259 1154 1372 jupiter
1166 1257 1244 1369 ipse

93 1416 97 1421 ’
252 1400 462 1492 'Auxilium
483 1404 634 1488 solitum
653 1403 808 1514 cripuit:
848 1429 924 1481 non
940 1401 1026 1496 tela,
1057 1428 1129 1480 nec
1147 1400 1252 1507 ignes

77 1606 83 1617 ι
255 1546 486 1659 Exspectant
497 1543 674 1628 Rutulos.
705 1539 924 1651 ergomaria
942 1537 1042 1619 invia
1052 1538 1226 1637 Τετιιοῐὶε,ἶ
1247 1567 1335 1651 130

257 1689 348 1776 Nec
362 1689 444 1800 spes
462 1684 540 1766 ulla
557 1684 693 1796 fugae:
719 1712 849 1767 rerum
866 1710 950 1794 pars
966 1680 1082 1764 altera
1098 1681 1248 1764 ademta
1258 1680 1338 1765 esi²

240 1833 381 1941 ..Terra
392 1848 520 1911 autem
533 1827 573 1908 in
584 1827 758 1909 manibus
769 1825 913 1922 nostris,
942 1841 998 1904 tot
1012 1822 1132 1904 millia
1146 1842 1276 1935 genten

254 1964 384 2069 'Anma
400 1965 668 2052 feruntltalae.
700 1965 753 2046 nil
767 1994 832 2049 rue
844 1963 968 2046 fatalia
985 1980 1138 2062 terrent·

257 2111 302 2197 Si
312 2138 391 2223 qua
400 2107 569 2221 Phryges
586 2132 673 2222 prae
686 2107 885 2220 sejadtant,
914 2106 1083 2218 responsa
1098 2107 1284 2189 deornnn

260 2252 328 2335 Sat
338 2248 423 2335 fatie
439 2249 655 2362 Venerique
671 2249 817 2347 datum,
847 2247 1002 2356 tetigere
1019 2247 1124 2358 quod
1135 2273 1223 2337 arva
1238 2270 1332 2359 '135

259 2391 610 2479 Fertilisnusoniae
630 2393 764 2474 Trods.
793 2391 925 2473 suntet
942 2416 1027 2470 mea
1042 2406 1173 2470 contra
1190 2424 1194 2439 2

260 2528 358 2613 Fata
369 2524 482 2628 mihi,
510 2524 608 2611 ferro
621 2527 833 2611 sceleratam
849 2527 1062 2618 exscindere
1076 2545 1243 2637 gentem,
1264 2572 1271 2587 τ

261 2668 437 2776 Conjuge
453 2686 668 2780 praerepta:
696 2696 767 2751 nec
779 2667 873 2750 solos
889 2670 1008 2778 tangit
1019 2668 1170 2749 Atridae

261 2807 340 2919 Iste
350 2808 471 2909 dolor,
498 2807 655 2920 solisque
666 2810 754 2892 sicet
768 2838 899 2920 capere
910 2805 1015 2890 arnna
1026 2807 1216 2917 Mycenis.
1340 2784 1348 2857 ’-

266 2946 340 3033 Sed
354 2947 497 3058 periisse
511 2948 625 3033 semel
643 2949 725 3031 satis
742 2950 809 3034 cst.
841 2942 994 3060 peccare
1006 2946 1128 3030 fuisset
1251 2973 1338 3051 ¹40

265 3088 371 3167 Ante
388 3085 482 3183 satis,
514 3088 660 3198 penitus
674 3090 792 3170 modo
809 3117 886 3172 non
903 3117 1019 3199 genus
1035 3114 1151 3169 omne
1163 3083 1313 3196 perosos

145 3230 148 3235 ’
266 3225 539 3310 Foemineumr
571 3229 706 3337 quibus
719 3226 812 3309 haec
826 3230 945 3310 medii
959 3227 1097 3308 fiducia
1110 3223 1236 3321 valli,-

265 3362 540 3473 Foffnrumque
554 3393 695 3467 morae,
727 3367 821 3450 sethi
834 3369 1046 3450 discrimina
1059 3393 1184 3478 parva,

268 3503 377 3584 Dant
386 3503 543 3586 animos.
574 3522 612 3584 at
622 3533 699 3589 non
715 3505 888 3589 viderunt
904 3507 1055 3587 moenia
1069 3505 1220 3612 Trojae‚

267 3641 445 3755 Neptuni
462 3645 639 3729 fabricata
657 3676 774 3730 manu
792 3650 979 3730 confidere
994 3650 1033 3728 in
1054 3648 1163 3756 ignes
1178 3649 1193 3730 s
1256 3668 1309 3752 14
1315 3672 1342 3757 ς

91 3817 96 3825 ·
271 3784 345 3863 Sed
363 3812 441 3884 vos,
464 3814 489 3867 0
507 3785 606 3885 lecti,
634 3787 731 3871 ferro
747 3790 813 3899 qui
827 3789 991 3870 scindere
1003 3787 1147 3870 vallum
1164 3823 1181 3837 ··

269 3924 452 4036 Apparet,
472 3944 510 4009 et
521 3922 678 4010 mccunr
693 3931 834 4012 invadit
847 3928 1066 4043 trepidantia
1079 3927 1225 4012 castra?

267 4064 489 4149 Nonarmis
506 4069 605 4151 mihi
625 4069 798 4174 Volcani,
829 4102 908 4155 non
921 4072 1027 4155 mille
1041 4071 1175 4156 carinis
1312 4057 1315 4061 ¹

271 4199 343 4291 Est
357 4204 505 4317 opusin
520 4208 700 4325 Teucros.
731 4210 869 4297 addant
884 4213 921 4297 sc
938 4213 1109 4335 protinue
1124 4232 1259 4296 omnen
1293 4262 1298 4267 -

1195 4340 1352 4431 Etrusci
