2872 5176
295 354 391 426 110
483 326 536 421 P.
569 323 843 419 Virorum
875 324 1151 430 Marionis

289 528 512 639 Tergemini
523 530 617 607 nece
632 525 831 635 Geryonae
842 523 1040 637 spoliisque
1048 531 1242 643 superbus,

288 669 442 752 Alcides
456 667 591 763 aderat,
622 666 818 775 taurosque
828 642 1032 751 hac'vietor
1040 673 1177 784 agebat

286 810 480 919 Ingentes:
511 805 724 915 vallemque
751 807 1109 920 bovesamnemque
1125 798 1312 902 terrebant.
1344 897 1346 901 ,

287 951 343 1029 At
359 949 464 1030 furiis
480 945 573 1027 Caci
590 943 836 1044 menseffera,
859 973 908 1027 ne
928 948 1023 1058 quid
1032 930 1206 1040 inarum
1265 984 1322 1044 ao
1329 984 1353 1072 ς

287 1091 371 1169 Aut
383 1089 621 1169 mmmmm
641 1084 827 1167 scelerisve
839 1083 964 1168 dolive
982 1086 1119 1189 firirset,
1191 1187 1195 1194 ,

286 1228 460 1334 Quarum
474 1256 497 1308 a
509 1224 660 1307 stabulis
665 1223 872 1349 praestanti
889 1251 1046 1336 corpore
1065 1246 1192 1314 tauros

284 1369 445 1465 Avertit,
475 1367 632 1449 totidem
646 1365 770 1473 forma
784 1364 975 1474 superante
983 1368 1172 1476 juvencas.

286 1510 415 1617 Atque
431 1505 514 1604 hos,
542 1535 685 1616 nequa
705 1504 827 1587 forent
846 1503 1005 1616 pedibus
1017 1509 1169 1619 uestigia
1184 1511 1305 1623 rectis,

111 1640 115 1647 ’
284 1648 469 1729 Caudain
482 1645 700 1758 speluncam
714 1647 862 1744 tractor
881 1645 1064 1757 verfisque
1077 1650 1222 1733 viarum
1271 1678 1352 1737 210

285 1787 438 1869 Iudiciis
449 1807 584 1897 raptos,
600 1787 688 1867 saxo
700 1784 910 1866 occultabat
922 1812 1055 1895 opaco,

142 1978 147 1987 =
284 1930 539 2033 Querentem
552 1926 655 2007 nulla
672 1926 720 2007 ad
739 1925 955 2038 speluncam
972 1927 1075 2038 signa
1090 1927 1270 2019 ferebant.
1368 2017 1374 2034 ,

285 2068 442 2168 Interea,
472 2095 564 2149 cum
576 2068 660 2176 jam
673 2066 824 2150 stabulis
844 2065 999 2149 samara
1015 2087 1185 2153 moveret

284 2209 642 2321 Amphitryoniades
654 2226 837 2307 umento,
864 2208 1086 2323 abitumque
1103 2204 1258 2324 pararet,

285 2349 454 2432 Disceffu
475 2351 622 2458 mugire
635 2351 762 2448 boves,
793 2369 907 2458 atque
918 2376 1034 2433 omne
1048 2353 1208 2462 querelis
1272 2383 1351 2469 215

284 2488 441 2599 Impleri
453 2515 603 2587 nemus,
629 2507 667 2570 et
684 2490 798 2572 colles
814 2491 982 2573 clamore
1001 2491 1174 2603 relinqui.

285 2625 468 2707 Reddidit
482 2654 557 2706 una
569 2627 691 2710 boum
710 2654 859 2726 vocem,
890 2625 1068 2738 vastoque
1084 2630 1152 2713 sub
1171 2651 1279 2712 antro

283 2768 441 2883 Mugiit,
472 2785 510 2851 et
527 2769 619 2850 Caci
633 2769 738 2881 spem
747 2767 930 2852 custodita
948 2767 1095 2857 fefellit.

282 2908 364 2991 Hic
375 2938 463 2993 vero
480 2909 638 2993 Alcidae
650 2911 756 2994 furiis
772 2911 952 2993 exarserat
969 2927 1050 2992 atro

281 3048 387 3130 Fe'lle
405 3048 530 3132 dolor:
563 3053 658 3161 rapit
678 3078 783 3132 arma
798 3077 930 3152 manu,
965 3046 1143 3158 nodisque
1156 3022 1351 3158 grdvatum

282 3189 430 3288 Robur,
448 3200 486 3271 e't
500 3190 587 3271 aerii
603 3192 710 3274 cursu
724 3191 819 3302 petit
835 3190 949 3271 ardua
968 3189 1120 3272 montis.
1265 3217 1345 3275 221

285 3330 394 3410 Tum
411 3329 583 3438 primum
596 3331 712 3412 nostri
730 3332 880 3412 Cacum
898 3327 1021 3410 videre
1039 3328 1250 3430 timentem,

281 3468 576 3579 Turbatumque
590 3470 722 3555 oculis.
752 3467 852 3580 fugit
869 3468 970 3551 ilicet
986 3468 1088 3551 ocior
1108 3497 1212 3567 euro,

229 3608 232 3615 ’
282 3607 583 3721 speluncamque
597 3614 701 3722 petita
732 3610 891 3722 pedibus
910 3611 1025 3691 timor
1042 3610 1184 3692 addidit
1195 3610 1282 3694 alas.

281 3752 339 3832 Ut
355 3752 426 3835 sese
446 3753 606 3854 inclusrt,
638 3755 826 3865 ruptisque
840 3755 1006 3836 immane
1027 3755 1165 3834 catenis
1261 3778 1315 3836 22
1323 3780 1347 3865 5

281 3894 586 4001 Dejecitsaaum,
617 3896 715 3979 ferro
729 3897 833 4007 quod
849 3914 887 3977 et
900 3915 975 3976 arte
988 3912 1139 4005 paterna

280 4033 485 4134 Pendebat,
515 4037 702 4151 fultosque
717 4038 879 4122 emuniit
889 4037 997 4119 obice
1012 4037 1131 4148 postes
1140 4077 1153 4135 3

280 4173 395 4277 Ecce,
431 4177 703 4269 fureusauimis
716 4180 841 4269 aderat
854 4178 1091 4290 Tirynthius,
1108 4202 1340 4285 omnemque

1269 4318 1349 4398 Ac-
