2872 5176
289 332 357 499 76
494 318 1163 467 P.V1netn11Mnnours

285 569 432 656 Diverfi
450 569 667 680 explorant:
701 569 794 653 haec
812 571 925 653 fontis
941 572 1067 682 stagna
1083 576 1257 675 Numici,
1278 606 1361 691 150

287 714 408 799 Hunc
421 712 590 821 Tybrim
612 712 786 810 fluvium,
805 712 869 793 hic
889 712 1002 795 fortes
1019 714 1184 797 habitare
1199 720 1364 802 Latinos·

284 858 396 940 Tum
413 855 508 936 satus
521 855 687 936 Anchisa
705 856 869 937 delectos
884 857 1013 936 ordine
1027 858 1073 936 ab
1088 861 1196 939 omni

286 997 456 1079 Centum
471 1013 631 1076 oratores
651 994 805 1104 augusta
834 996 882 1075 ad
908 997 1057 1077 moenia
1076 999 1173 1107 regis

285 1137 348 1219 Ire
360 1135 482 1246 jubet,
505 1136 617 1217 ramis
635 1135 775 1216 velatos
787 1135 946 1216 Palladis
960 1163 1116 1235 omnes;

284 1277 477 1387 Donaque
492 1274 694 1372 ferre-viro,
713 1301 924 1386 pacemque
941 1276 1138 1385 exposcere
1157 1278 1331 1364 Teucris.

290 1413 414 1513 Haud
422 1392 553 1499 thora:
572 1412 854 1523 festinant'jussr,
872 1416 1083 1527 rapidisque
1094 1413 1264 1503 feruntur
1278 1448 1292 1504 t
1306 1423 1361 1533 56

286 1554 476 1639 Paffibua
503 1553 589 1669 ipse,
604 1552 743 1636 humili
758 1558 922 1666 designat
943 1559 1094 1639 moenia
1107 1559 1211 1658 fossa,

286 1696 527 1808 Moliturque
538 1696 682 1797 locum,
696 1697 907 1821 primasque
920 1698 959 1778 in
978 1699 1084 1781 litore
1099 1699 1213 1799 sedes,

285 1837 507 1943 Castrorum
521 1839 571 1919 ‘in
597 1864 759 1936 rnorem,
782 1830 904 1948 pinnis
923 1854 1035 1947 atque
1052 1866 1185 1949 aggere
1201 1841 1332 1950 cingit.

286 1979 454 2089 Jamque
473 1976 543 2069 iter
555 1974 843 2096 emend-turres
855 2003 899 2057 ac
916 1979 1013 2058 naa
1025 1977 1248 2062 Latinorum
1282 1983 1363 2065 160

288 2120 422 2201 Ardua
433 2118 634 2203 cernebant
646 2120 815 2228 juvenes,
836 2146 1023 2227 muroque
1043 2119 1228 2210 subibant.

287 2262 393 2343 Ante
406 2262 541 2343 urbem
556 2261 663 2373 pueri
676 2278 714 2341 et
727 2261 918 2370 primaevo
938 2258 1031 2340 flore
1046 2262 1222 2370 juventus

287 2402 520 2483 Exercentur
532 2400 651 2509 equis,
671 2400 930 2509 domitantque
952 2399 992 2479 in
1010 2399 1162 2510 pulvere
1178 2428 1330 2485 currus:

287 2541 371 2620 Aut
389 2566 490 2621 acres
503 2539 663 2621 tendunt
684 2566 801 2636 arcus,
833 2557 896 2618 aut
919 2536 1017 2617 lenta
1031 2536 1175 2619 lacertis

288 2677 440 2790 Spicula
447 2688 705 2788 contorquent,
713 2678 896 2787 cursuque
910 2678 1060 2786 ictuque
1071 2676 1258 2760 laceffunt.
1280 2674 1329 2762 16
1337 2707 1361 2791 5

287 2822 396 2901 Cum
408 2825 620 2934 praevectus
632 2848 731 2931 equo
746 2819 914 2928 longaevi
930 2820 1023 2927 regis
1039 2820 1088 2899 ad
1099 2848 1203 2902 aurea

286 2965 464 3046 Nuncius
480 2966 646 3072 ingentes
658 2964 784 3070 ignota
797 2962 837 3041 in
849 2960 947 3040 veste
960 2948 1122 3068 reportat

288 3096 489 3185 Advenisse
508 3103 615 3183 viros.
644 3100 707 3180 ille
726 3103 819 3182 intra
834 3103 929 3180 teda
949 3101 1074 3180 vocari

286 3247 465 3354 Imperat,
486 3261 525 3326 et
536 3243 627 3324 solio
646 3243 793 3323 medius
807 3240 973 3322 consedit
983 3243 1095 3323 avito.

288 3387 460 3467 Tectum
495 3383 708 3491 augustum,
743 3382 886 3491 ingens,
920 3399 1073 3462 centum
1103 3377 1262 3462 sublime
1297 3406 1365 3459 co-

473 3521 626 3620 lumnis,
952 3508 956 3515 ⁴
1279 3551 1362 3633 170
1403 3590 1408 3595 .

288 3664 395 3746 Urbe
413 3662 485 3744 fuit
502 3663 664 3761 summa,
683 3662 876 3744 Laurentis
904 3662 1003 3772 regia
1024 3662 1118 3762 Pici,

288 3806 536 3917 Horrendum
555 3804 664 3914 sylvis
681 3821 719 3885 et
736 3802 929 3915 relligione
946 3821 1160 3913 parentum.

287 3946 394 4027 Hinc
411 3943 551 4055 sceptra
563 3943 741 4054 accipere,
760 3964 798 4024 et
815 3944 956 4052 primos
973 3941 1140 4025 attollere
1155 3939 1271 4022 fasces

284 4086 585 4195 Regibus-omen
602 4103 701 4165 erat:
735 4082 809 4164 hoc
825 4081 895 4162 illis
909 4081 1011 4163 curia
1025 4081 1235 4194 ternplum,

286 4210 374 4296 Hae
390 4209 502 4331 sacria
510 4208 610 4297 sedes
627 4205 766 4328 epulisa
795 4206 859 4291 hic
876 4205 987 4327 ariete
1001 4207 1108 4293 caeso
1162 4291 1167 4303 ,
1279 4231 1331 4315 17
1337 4232 1363 4314 ς

1164 4344 1359 4456 Perpetuis
