2872 5176
343 319 671 411 Areua-roos
716 309 833 408 Ltrr.
863 311 948 411 XI.
1076 348 1172 448 217

113 520 356 630 Exsultatque
365 517 511 615 animis,
542 533 580 596 et
595 512 747 624 spejam
762 519 940 630 praecipit
951 519 1112 607 hostem·

115 662 259 773 Qalis,
290 658 356 740 ubi
367 655 531 767 abruptis
548 653 645 764 fugit
655 654 839 766 praesepia
857 659 1001 758 vinclis,
1083 686 1172 774 492

114 803 292 884 Tandem
309 797 414 893 liber,
441 822 573 906 equus,
603 821 815 903 campoque
833 799 971 907 potitur
989 817 1116 910 aperto
1128 838 1144 898 ς
1234 782 1237 789 ’

115 945 196 1029 Aut
212 941 275 1022 ille
292 939 331 1019 iu
349 934 472 1047 pastus
488 950 728 1041 armentaque
745 934 863 1017 tendit
876 966 1073 1048 equarum,

116 1084 198 1164 Aut
215 1079 370 1163 affuetus
383 1102 500 1184 aquae
513 1072 687 1183 perfundi
700 1071 858 1157 flumine
875 1097 967 1162 noto
1072 1104 1173 1194 495

112 1224 275 1320 Emicat,
303 1216 519 1325 arrectisque
536 1215 664 1297 fremit
679 1216 883 1302 cervicibus
901 1220 975 1303 alte
1099 1282 1102 1287 -

114 1365 335 1459 Luxuriam,
364 1358 573 1466 luduntque
584 1340 697 1464 jubae
714 1385 783 1467 per
792 1360 902 1463 colla,
927 1387 1144 1474 perarmet.

113 1505 242 1586 Obvia
254 1501 331 1597 cui,
353 1497 576 1577 Volscorurn
594 1496 672 1576 acie
688 1498 903 1602 comitante,
934 1504 1097 1588 Camilla

115 1645 302 1741 Occurrit,
334 1637 520 1749 portisque
532 1636 581 1718 ab
593 1664 692 1745 equo
710 1640 834 1746 regina
845 1641 914 1724 sub
931 1646 1016 1756 ipfis

116 1783 294 1866 Defiluit:
324 1805 441 1888 quam
459 1795 535 1858 tota
550 1773 686 1858 cohors
703 1777 845 1861 imitata
856 1783 993 1869 relictis
1049 1824 1052 1833 ·
1083 1810 1173 1899 500

117 1925 181 2007 aa
202 1941 338 2006 terram
358 1915 515 1998 refluxit
531 1918 648 2028 equis.
675 1918 858 2000 rumam
873 1922 991 2008 farm
1098 1905 1102 1913 ’

115 2067 260 2160 Turne,
290 2060 347 2140 sui
363 2058 497 2139 merito
515 2059 543 2138 fi
564 2057 709 2167 quaest
727 2057 861 2141 fiducia
873 2061 974 2163 forti,

115 2204 264 2300 Audeo,
296 2218 334 2281 et
346 2198 569 2287 Aeneadum
589 2197 768 2308 promitto
783 2226 975 2285 occurrere
986 2221 1144 2302 turmae,

115 2341 274 2451 Solaque
292 2335 511 2446 Tyrrhenos
527 2337 669 2444 equites
686 2336 739 2416 ire
758 2335 867 2419 obvia
881 2359 1022 2426 conua.

75 2522 81 2533 ff
111 2483 183 2565 Me
200 2483 276 2564 fine
288 2481 537 2590 primamauu
549 2495 691 2560 tentare
703 2477 868 2587 pericula
881 2482 988 2567 belli:
1046 2540 1053 2551 -
1085 2505 1170 2595 505

113 2626 181 2704 Tu
199 2622 311 2732 pedes
323 2620 371 2699 ad
388 2644 516 2700 muros
530 2616 689 2714 subfiste,
720 2635 758 2698 et
774 2623 925 2703 moenia
942 2624 1053 2705 serva.
1178 2624 1181 2629 ’

112 2769 268 2846 Turnus
278 2762 326 2843 ad
340 2759 445 2860 haec,
476 2759 607 2842 oculos
620 2757 853 2841 horrendain
867 2765 1008 2873 virgine
1023 2762 1145 2847 fixusz

51 2966 76 2992 „
115 2907 166 3002 Ο,
186 2904 298 2985 decus
317 2900 456 2998 Italiae,
487 2901 604 3008 virgo,
635 2927 726 3010 quas
738 2899 860 2981 dicere
875 2923 1007 3011 grates,

113 3043 259 3152 Qasve
279 3039 414 3121 referre
427 3044 583 3149 parem?
601 3038 662 3118 sed
680 3039 868 3134 nunc,·est
879 3045 1008 3125 omnia
1021 3037 1175 3153 quando
1306 3057 1308 3067 '

112 3183 185 3263 Iste
202 3183 348 3263 animus
361 3181 480 3290 supra,
511 3205 665 3260 mecum
679 3179 813 3287 partire
827 3179 1007 3270 laborem.
1085 3208 1172 3294 510

113 3325 271 3420 Aeneas,
285 3385 287 3390 r
300 3339 342 3402 ut
360 3318 463 3400 fama
480 3319 595 3399 fidem
615 3317 788 3426 miffique
804 3340 991 3430 reportant

113 3460 387 3572 Exploratores,
424 3459 597 3567 equitum
613 3456 708 3538 levia
724 3458 918 3568 improbus
932 3491 1037 3544 arma

113 3580 314 3697 Praemifir‚
347 3616 540 3708 quaterent
553 3624 731 3707 campos:
763 3598 839 3707 ipse
858 3602 973 3684 ardua
992 3599 1132 3684 montis

112 3739 184 3820 Per
196 3738 335 3821 deserta
348 3739 443 3846 jugo
453 3763 652 3846 properans
663 3736 833 3818 adventat
848 3739 895 3820 ad
906 3742 1053 3827 urbem.

111 3880 226 3961 Furta
244 3905 333 3989 paro
350 3876 438 3957 belli
454 3902 623 3958 convexo
637 3877 677 3957 in
701 3878 848 3960 tramite
865 3879 986 3980 filvae,
1052 3922 1057 3931 ·
1082 3906 1170 3996 5t5

111 4021 168 4099 Ut
177 4017 293 4099 bivias
308 4033 452 4099 armato
465 4015 632 4098 obsrdam
643 4015 762 4098 milite
778 4018 916 4102 fauces.

111 4160 179 4253 Tu
193 4156 445 4294 Tyrrhenum·
452 4157 620 4274 equitem
635 4156 782 4244 collatis
799 4160 931 4273 excipe
943 4158 1065 4274 fignir.
1090 4183 1092 4187 ¹

1020 4302 1181 4386 Tecum.
