2872 5176
292 328 391 427 140
482 270 1150 397 nunt-‚iurnrmoo'u

282 506 390 588 Stant
402 495 805 610 longrsadnmhashs
824 494 980 581 &scuta
991 517 1169 601 tenentes,
1353 562 1356 567 -

279 642 501 726 Castrorum
516 643 557 724 ir
574 665 700 750 campi
688 637 858 721 medio.
876 654 961 720 turn
977 636 1095 722 Nisus
1112 645 1153 726 δι
1171 668 1246 728 una
1265 668 1290 729 2
1298 676 1359 763 3⁰

277 782 468 894 Euryaius
480 756 678 865 confestim
692 779 828 864 alacres
839 780 1026 893 admittier
1040 800 1180 874 orant:

278 927 585 1037 Remmagnam,
597 924 836 1036 pretiumque
846 951 987 1023 morae
996 923 1361 1037 sore.pr1mus1ulus

279 1070 444 1182 Accepit
460 1065 634 1180 trepidos,
666 1095 710 1148 ac
720 1065 862 1149 Nisum
882 1066 1006 1149 dicere
1018 1067 1135 1176 juflit.

276 1212 396 1321 Tunc
413 1212 464 1295 fic
480 1210 724 1320 Hyrtacides.
756 1209 883 1291 audite
899 1238 924 1290 0
942 1211 1131 1294 mentibus
1148 1212 1292 1322 aequis,

131 1404 133 1408 ·
274 1345 478 1435 'Ameadae
486 1391 500 1450 3
530 1377 624 1432 neve
637 1349 731 1430 haec
746 1346 878 1430 nostris
896 1349 1104 1458 spesientur
1117 1353 1166 1431 ab
1183 1354 1306 1456 annis,

277 1492 567 1605 Qaeferimus.
598 1485 734 1572 Rutuli
746 1469 879 1565 somno
892 1484 1058 1594 vinoque
1074 1486 1207 1600 sepulti
1260 1499 1352 1610 236

275 1628 514 1712 Conticuere.
546 1627 677 1704 locum
690 1620 827 1702 infidiis
840 1621 1103 1732 conspeximus
1118 1625 1227 1738 ipfi,·

274 1766 359 1864 Qui
371 1781 472 1879 patet
489 1742 655 1846 in'bivio·
664 1780 806 1873 portae,
838 1789 935 1873 quae
954 1765 1128 1874 proxima
1145 1788 1276 1879 ponto.

274 1904 477 2017 interrupti
498 1902 614 2013 ignes,
645 1917 797 2010 aterque
810 1901 858 1984 ad
872 1902 987 1985 sidera
1004 1903 1134 1987 fumus

274 2047 456 2158 Erigittu.
488 2044 516 2125 fi
533 2044 682 2126 fortuna
694 2045 907 2156 permittitis
923 2046 977 2125 uti
985 2087 1000 2144 ς
1257 2040 1350 2163 240

131 2160 138 2225 5
273 2183 499 2291 Qaefitum
509 2185 665 2265 Aenean
680 2183 727 2262 ad
745 2184 896 2264 moenia
913 2184 1113 2286 Pallantea,

273 2322 378 2409 Mox
395 2320 461 2405 hic
478 2350 570 2405 cum
587 2319 724 2433 spoliis,
753 2323 894 2431 ingenti
912 2326 1026 2407 caede
1043 2331 1206 2438 perusia,

273 2461 410 2546 Affore
426 2463 594 2544 cernetis.
630 2489 700 2544 nec
718 2490 786 2544 nos
805 2464 863 2543 via
874 2461 971 2544 fallit
990 2483 1132 2554 euntes.
1338 2450 1342 2456 ¹

272 2600 453 2685 Vidimus
470 2600 632 2682 obscuris
653 2601 817 2712 primam
834 2603 902 2683 sub
916 2603 1071 2686 vallibus
1088 2607 1224 2688 urbem

181 2736 184 2743 ’
273 2743 427 2827 Venatu
437 2743 592 2842 affiduo
624 2761 661 2823 ct
672 2761 796 2825 totum
812 2772 1057 2854 cognovimus
1066 2777 1232 2833 amnem
1256 2778 1313 2862 ²4
1318 2784 1345 2868 5

334 2886 428 2987 Hic,
463 2887 568 2971 annis
581 2888 700 2998 gravis
714 2888 953 2997 atqueanimi
972 2907 1153 2995 maturus,
1169 2891 1347 2982 Alethes.

215 3133 217 3137 Α
272 3027 329 3111 1)ἰ
346 3027 467 3138 patrii,
499 3053 665 3135 quorum
685 3026 829 3137 semper
843 3028 911 3107 sub
928 3031 1084 3110 numine
1097 3016 1214 3139 Troja
1226 3031 1292 3134 est,

270 3168 367 3252 Non
376 3184 503 3247 tamm
520 3167 679 3248 omnino
690 3169 860 3248 Teucros
874 3167 995 3249 delere
1010 3171 1155 3279 paratis,
1254 3177 1345 3283 248

270 3308 377 3387 cum
398 3304 488 3387 tiles
506 3306 856 3415 animosjuvenum,
889 3326 927 3388 et
945 3328 1023 3389 tam
1038 3330 1136 3391 certa
1148 3311 1280 3394 tulistis

270 3428 454 3533 Pediora(
468 3444 518 3523 fic
532 3471 759 3543 memorans,
773 3447 951 3527 humeros
965 3448 1181 3559 dextrasque
1195 3451 1346 3537 tenebat

272 3582 507 3682 Amborum,
526 3601 564 3664 et
585 3582 733 3664 vultum
751 3583 924 3694 lacrymis
944 3605 1054 3697 atque
1073 3617 1136 3669 ora
1156 3591 1310 3699 rigabat.

271 3728 382 3833 Qae
401 3721 518 3821 vobis,
534 3750 631 3835 quae
651 3724 777 3834 digna,
792 3726 873 3822 viri,
896 3755 964 3836 pro
982 3727 1116 3809 talibus
1134 3732 1241 3828 aufis,

271 3868 444 3950 Praemia
461 3865 561 3976 posse
581 3896 659 3948 rear
677 3868 791 3953 solvi?
823 3848 1073 3979 pulcherrima
1091 3874 1260 3982 primum

111 3990 115 3999 ¹
268 4005 339 4104 Di,
374 4005 568 4116 moresque
580 4006 723 4090 dabunt
736 4007 863 4091 vestri:
894 4026 979 4090 tum
994 4029 1135 4095 caetera
1147 4013 1281 4098 reddet

270 4147 459 4230 neruum
475 4144 561 4255 pius
578 4147 739 4255 Aeneas,
771 4166 883 4262 atque
900 4150 1042 4266 integer
1059 4152 1141 4238 aevi
1249 4182 1274 4240 2
1281 4181 1305 4268 5
1311 4182 1340 4270 ς

1142 4293 1342 4400 Ascanius,
