2872 5176
458 395 768 487 Aruernos
807 386 918 483 er.
943 388 1049 482 XII.
1175 414 1272 513 257

196 583 259 671 Bis
270 589 353 698 jam
371 584 484 669 Italos
498 583 635 681 hostes,
666 581 760 662 haec
772 579 885 663 altera
903 579 1054 664 foedera
1067 585 1207 695 rumpi.

196 728 375 810 Exoritur
395 724 559 836 trepidos
573 723 668 803 inter
686 719 866 801 discordia
883 719 1008 804 cives:

194 867 346 948 Urbem
357 865 419 978 alii
437 844 591 946 reserare
604 861 753 971 jubent,
784 878 822 939 et
840 858 1001 969 pandere
1023 879 1147 970 portas
1179 863 1268 973 584
1384 852 1386 856 ⁸

162 1001 168 1007 ’
195 998 449 1105 Dardanidis,
480 1004 678 1115 ipsumque
690 997 843 1098 trahunt
864 999 904 1080 in
923 1001 1073 1083 moenia
1089 1030 1241 1114 regem;

196 1146 320 1227 Arma
328 1145 456 1227 serunt
473 1143 547 1242 alii,
576 1160 614 1224 et
626 1160 785 1252 pergunt
796 1139 995 1222 defendere
1006 1169 1150 1231 murore

174 1280 361 1369 ‘Inclusas
382 1307 425 1370 ut
442 1313 534 1368 cum
553 1286 732 1368 latebroso
743 1285 783 1365 in
794 1282 947 1395 pumice
964 1284 1088 1394 pastor

193 1426 401 1536 vestigavit
418 1432 517 1536 apes,
545 1426 731 1534 fumoque
743 1424 915 1534 implevit
930 1452 1083 1526 amaro;

195 1567 288 1650 Illae
307 1571 407 1650 intus
420 1568 585 1678 trepidae
604 1595 731 1649 rerum
749 1596 815 1676 per
833 1546 938 1648 cerea
955 1568 1072 1651 castra
1209 1564 1211 1568 ’

195 1708 431 1807 Discurrunt,
464 1709 683 1818 magnisque
699 1681 838 1788 acuunt
853 1707 1069 1803 stridoribus
1082 1711 1163 1797 iras.
1179 1743 1267 1828 590

195 1848 374 1957 Volvitur
387 1867 463 1930 ater
481 1849 575 1929 odor
592 1846 722 1943 tediis,
752 1863 838 1926 tum
856 1872 1051 1929 murmure
1065 1876 1178 1935 caeco

196 1995 302 2075 Intus
317 1994 402 2102 saxa
419 1993 575 2091 sonante
607 2016 741 2073 vacuas
762 1989 791 2069 it
808 1988 936 2070 fumus
951 1989 999 2070 ad
1011 2020 1129 2079 auras.
1264 2018 1273 2104 ζ

258 2137 415 2218 Accidit
435 2135 529 2218 haec
543 2134 642 2217 sellis
656 2134 771 2215 etiam
790 2132 939 2213 fortuna
950 2134 1110 2236 Latinis,
1264 2211 1269 2218 .

195 2274 306 2384 Quae
324 2295 444 2358 totam
462 2276 568 2358 ludtu
587 2274 768 2355 concuffit
784 2271 952 2354 funditus
970 2277 1119 2362 urbem.
1298 2360 1309 2367 ,

195 2416 347 2526 Regina
362 2433 404 2497 ut
422 2406 528 2498 tediis
542 2416 756 2497 venientem
777 2414 951 2523 prospicit
965 2413 1127 2516 hostem,
1179 2446 1266 2537 595

191 2556 331 2661 “lnceffi
345 2584 489 2656 muros,
522 2557 625 2666 ignes
642 2557 690 2636 ad
712 2559 807 2635 tedia
818 2554 965 2655 volare;

194 2695 399 2807 Nusquam
409 2698 505 2779 acies
522 2695 831 2794 contraRumlaS,
844 2694 947 2777 nulla
957 2698 1108 2807 agmina
1120 2701 1265 2787 Turni:

194 2835 335 2917 lnselix
350 2864 496 2949 pugnae
507 2840 690 2948 juvenem
708 2839 748 2919 in
769 2837 971 2919 certamine
991 2840 1109 2919 credit

194 2951 465 3078 Exstinetum3
498 2998 547 3078 et,
580 2979 702 3061 subito
719 2995 888 3058 mentem
906 2977 1051 3085 turbata
1063 2978 1206 3083 dolore,

195 3116 243 3195 Se
257 3116 407 3198 causam
421 3117 572 3218 clamat,
588 3118 820 3227 crimenque,
836 3134 1037 3229 caputque,
1050 3118 1265 3205 malorum:

195 3253 399 3368 Multaque
411 3287 477 3369 per
490 3259 681 3342 moestum
694 3260 849 3340 demens
866 3257 976 3339 effata
982 3259 1164 3367 furorem,
1176 3268 1259 3349 601

195 3396 408 3506 Purpureos
425 3399 607 3480 moritura
622 3427 739 3481 manu
755 3378 928 3480 discindit
945 3398 1117 3500 annus,

196 3536 250 3618 Et
265 3539 413 3619 nodum
432 3540 606 3623 informis
619 3540 710 3623 lethi
725 3540 827 3622 trabe
844 3539 1025 3621 nestitab
1044 3541 1128 3624 alta.

193 3678 328 3783 Qam
344 3678 492 3761 cladem
506 3681 658 3763 miserae
675 3681 876 3791 postquam
889 3707 1065 3791 accepere
1083 3681 1250 3782 Latinae,

194 3817 293 3899 Filia
305 3819 428 3929 prima
439 3849 555 3903 manu
575 3822 690 3903 flavos
707 3820 862 3903 Lavinia
874 3822 992 3902 crines
1178 3826 1233 3906 60
1240 3854 1265 3937 ς

195 3957 248 4038 Et
265 3959 383 4043 roseas
397 3961 530 4044 laniata
547 3991 684 4073 genas;
723 3981 807 4044 tum
825 3972 968 4045 caetera
981 3963 1127 4047 circum

197 4098 333 4180 Turba
349 4100 451 4186 furit.
484 4106 653 4188 resonant
670 4105 742 4187 late
755 4102 995 4221 plangoribus
1012 4103 1132 4186 aeder.

197 4234 305 4321 Hinc
316 4257 434 4322 totam
449 4244 581 4331 infelix
597 4245 768 4367 uolgatur
780 4243 883 4339 fama
902 4271 967 4357 per
981 4242 1141 4327 urbemr

261 4381 388 4499 ,fron
419 4386 476 4504 11,
613 4362 619 4368 ’
782 4386 807 4466 s
1052 4387 1274 4475 Demittunt
