2872 5176
172 345 274 459 ¹534
389 271 443 418 1’4
483 310 757 410 Visetur
792 311 1085 411 Mauours

307 750 727 895 rivruoun
762 791 1123 889 sinuosus

175 1032 1266 1304 AJENEIDos

407 1496 1012 1605 maanus„

179 1864 587 2201 TURNUS
606 1889 649 1951 ut
668 1867 844 1965 infradios
866 1868 1019 1959 adverso
1038 1870 1174 1959 Marte
1188 1875 1271 1961 La-

543 2008 641 2091 tinos

377 2140 578 2237 'Defecisse
585 2153 700 2252 videt,
715 2153 778 2234 sua
791 2181 893 2236 nunc
908 2157 1091 2265 promissa
1102 2163 1271 2275 reposci,

182 2299 229 2384 Se
242 2299 375 2413 signari
389 2295 533 2394 oculis;
565 2295 663 2378 ultro
675 2294 922 2405 implacabilis
942 2298 1058 2395 ardet,

183 2440 416 2547 Attollitque-
426 2437 584 2519 animos.
615 2439 832 2518 Poenorum
845 2435 1139 2545 qualisinarvis,

184 2578 336 2660 Saucius
356 2576 419 2657 ille
436 2577 537 2687 gravi
558 2594 762 2657 venantum
784 2573 934 2656 volnere
951 2581 1095 2688 pestus,
1240 2616 1268 2699 5

180 2723 294 2804 Tum
310 2721 469 2800 demum
480 2738 610 2799 movet
623 2747 727 2799 arma
739 2715 813 2817 leo,
833 2717 1045 2829 gaudetque
1060 2745 1265 2809 comantes

183 2862 388 2945 Excutiens
402 2859 545 2943 cervice
560 2879 674 2961 toros,
707 2858 906 2967 fixumque
923 2860 1072 2943 latronis
1199 2872 1207 2880 “

183 3002 402 3112 Impavidus
420 3000 557 3109 frangit
577 3000 711 3099 telum,
743 3017 779 3078 et
797 2999 925 3079 fremit
942 3028 1006 3082 ore
1026 3023 1200 3089 cruento.

183 3143 303 3225 Haud
321 3144 423 3225 secus
434 3144 585 3223 accenso
603 3138 722 3251 gliscit
732 3141 905 3222 violentia
923 3145 1071 3227 Turno.

185 3287 296 3368 Tum
313 3284 658 3394 sicaffaturregem,
691 3303 801 3394 atque
813 3286 863 3364 ita
874 3287 1042 3369 turbidus
1059 3289 1168 3373 infit:
1207 3322 1266 3380 10

183 3424 306 3508 Nulla
313 3398 425 3505 ¹mora
437 3425 476 3503 in
492 3427 647 3506 Turno:
667 3424 762 3504 nihil
773 3424 939 3533 estquod
952 3428 1267 3516 distaretradient

185 3565 318 3678 Ignavi
339 3565 537 3648 Aeneadae
544 3605 557 3663 3
586 3594 667 3663 nec,
691 3595 786 3675 quae
804 3567 991 3676 pepigere,
1017 3572 1198 3659 recusent.

185 3703 432 3817 Congredior.
459 3704 516 3787 fer
531 3705 641 3806 sacra,
673 3726 788 3816 pater,
829 3725 867 3786 et
879 3711 1035 3821 concipe
1049 3712 1197 3799 foedus.

185 3847 269 3929 Aut
286 3843 358 3928 hac
374 3844 611 3927 Dardanium
629 3848 758 3927 dextra
776 3848 842 3927 sub
862 3849 1016 3932 Tartara
1031 3852 1183 3937 mittam

185 3983 428 4069 Desertorem
442 3984 564 4083 Asiae,
581 3988 727 4069 sedeant
741 3988 979 4100 speciemque
994 3995 1132 4099 Latini,
1206 4025 1222 4084 t
1235 4025 1264 4112 ς
1291 3994 1293 3999 ’

186 4123 351 4225 Etsolus
368 4124 468 4219 fetro
483 4126 627 4211 crimen
646 4156 857 4214 commune·
869 4129 1062 4220 refellam:

1179 4276 1271 4368 Aut
