2872 5176
403 333 733 439 Anuarnos.
781 334 1047 455 Lra.Vl.1
1182 377 1247 481 33
1315 400 1319 411 .

164 533 321 636 Invitus,
335 531 477 646 regina,
491 553 560 618 tuo
575 536 623 619 de
641 537 749 619 litore
766 538 866 652 celii.
945 573 948 579 ¹
1152 553 1242 652 460

158 675 232 758 Sed
244 703 311 781 me
325 674 423 786 jussa
444 674 574 775 deum,
590 703 686 786 quae
702 703 805 758 nunc
822 674 890 759 has
911 679 965 761 ire
978 709 1047 790 per
1062 683 1230 791 umbras,

155 815 227 902 Per
244 814 331 935 loca
348 813 451 897 senta
468 814 540 897 fitu
557 833 700 924 cogunt
718 818 948 927 noctemque
962 797 1204 931 profundam,

156 958 331 1068 Imperiis
348 984 456 1068 egere
473 957 569 1039 suis:
602 986 672 1040 nec
691 959 841 1041 credere
859 960 979 1071 quivi,
1155 930 1172 943 Ἰ

18 1116 21 1123 “
152 1099 275 1183 Hunc
294 1117 443 1182 tantum
456 1100 525 1181 tibi
542 1129 607 1182 me
624 1099 779 1187 discessu
797 1101 894 1184 ferre
912 1103 1096 1190 dolorem.
1229 1174 1233 1179 .

151 1240 246 1363 sine
262 1241 436 1357 gradum,
455 1234 567 1353 teque
578 1241 727 1352 aspetbu
740 1269 788 1324 ne
796 1241 969 1324 subtrahe
982 1244 1119 1330 nostru.
1140 1249 1199 1354 46
1206 1272 1235 1359 ς,

152 1380 286 1483 Quem
314 1379 443 1492 fugis?
476 1399 692 1464 extremum
715 1378 806 1481 fato,
843 1381 948 1491 quod
978 1400 1015 1465 te
1046 1382 1233 1496 alloquor,

334 1520 412 1603 hoc
433 1522 498 1604 est.

149 1662 310 1746 Talibus
327 1665 476 1748 Aeneas
493 1665 686 1749 ardentem
703 1681 742 1748 et
759 1682 864 1748 torva
876 1683 1046 1762 tuentem

149 1804 311 1887 Lenibat
334 1804 444 1887 dietis
461 1806 647 1909 animum,
670 1804 926 1916 lacrymasque
943 1806 1074 1919 ciebat.

148 1941 220 2027 llla
236 1945 313 2027 solo
328 1944 425 2029 fixos
438 1946 568 2030 oculos
582 1947 705 2029 aversa
721 1946 889 2030 tenebat:

145 2083 233 2167 Nec
250 2089 370 2196 magis
388 2090 538 2199 incepto
551 2087 702 2170 vultum
728 2090 898 2170 sermone
916 2105 1103 2191 movetur,
1135 2116 1227 2204 470

141 2228 317 2337 Qamfi
336 2229 429 2309 dura
443 2229 532 2309 filex
545 2248 609 2310 aut
622 2230 691 2310 stet
703 2230 890 2339 Marpefia
903 2246 1042 2314 cautes.

142 2367 324 2449 Tandem
342 2368 522 2479 corripuit
536 2368 620 2465 sese,
635 2386 745 2479 atque
761 2367 914 2448 inimica
931 2365 1069 2476 refugit

142 2510 190 2591 In
211 2536 346 2590 nemus
364 2508 641 2617 umbriferum:
674 2511 814 2618 conjux
833 2508 901 2589 ubi
914 2506 1089 2621 pristinus
1106 2503 1162 2588 illi
1221 2608 1225 2617 Ι

141 2650 358 2762 Respondet
371 2652 481 2751 curis,
500 2671 709 2762 aequatque
731 2650 907 2733 Sichaeus
924 2677 1110 2733 amorem.

139 2793 227 2874 Nec
249 2794 376 2875 minus
392 2795 552 2891 Aeneas,
572 2793 657 2873 casu
675 2791 864 2903 percussus
880 2791 1025 2899 iniquo,
1124 2815 1224 2901 475.

137 2933 377 3043 Prosequitur
394 2932 604 3042 lacrymans
624 2932 748 3040 longe,
766 2948 804 3010 et
817 2931 1008 3009 miseratur
1026 2946 1193 3013 euntem.

137 3073 230 3155 Inde
247 3074 380 3160 datum
401 3072 556 3153 molitur
569 3072 660 3154 iter:
689 3072 846 3180 jamque
863 3097 948 3149 arva
967 3068 1142 3149 tenebant

133 3212 294 3311 intima,
310 3241 406 3322 quae
424 3214 526 3294 bello
544 3212 634 3293 clari
653 3212 788 3292 secreta
801 3210 1063 3319 frequentant..
1095 3254 1098 3261 ν

131 3351 211 3433 Hic
230 3353 286 3434 illi
298 3356 461 3436 occurrit
479 3355 650 3463 TydeuS,
683 3351 747 3433 hic
762 3351 923 3459 inclytus
942 3348 1057 3431 armis

131 3491 444 3606 Parthenopaeus,
461 3513 500 3577 et
514 3493 661 3576 Adrasti
681 3491 851 3603 pallentis
869 3491 1008 3600 imago.
1117 3486 1209 3598 480

131 3630 212 3735 Hic
233 3633 402 3715 multum
417 3634 495 3717 fleti
512 3636 559 3716 ad
580 3612 741 3744 superos,
762 3631 938 3741 belloque
951 3629 1084 3712 caduci
1135 3700 1138 3705 .
1213 3738 1218 3745 .

131 3770 393 3879 Dardanidae:
420 3805 515 3886 quos
528 3775 590 3856 ille
604 3802 736 3856 omnes
754 3773 869 3882 longo
891 3773 1020 3852 ordine
1033 3797 1217 3869 cernent,

127 3911 333 4023 Ingemuit,
371 3917 654 4029 Glaucumque,
696 3916 968 4025 Medontaque,
1002 3908 1210 4019 Thersrlo-

139 4126 143 4135 .
293 4053 523 4169 cburnque,

125 4189 221 4280 Tres
245 4199 509 4325 Antenoridas,
535 4201 736 4311 Cererique
761 4199 905 4284 sacrum
924 4195 1215 4305 Polyboeten

616 4342 653 4424 E
686 4369 709 4455 3
847 4336 851 4341 ’
962 4334 1213 4444 Idaeumque,
