2872 5176
297 329 395 437 160
492 326 544 424 P.
579 321 840 420 Vrncrurr
874 294 1153 426 Minonis

286 537 352 619 Fit
369 537 497 617 sonus:
529 527 671 640 ingenti
684 525 857 610 concuffa
873 525 928 608 est
939 529 1103 639 pondere
1115 531 1259 647 tellus„

287 675 481 787 Collapsos
490 687 589 754 artus
610 687 722 779 atque
742 696 847 751 arma
862 687 1016 752 cruenta
1024 670 1179 757 cerebro
1264 774 1270 787 ¹

165 874 168 881 ·
288 816 426 898 Sternit
437 811 549 895 humi
561 809 746 908 moriens,
765 805 1120 925 atqueillipartibus
1133 815 1264 927 aequis
1287 806 1290 813 ’

287 954 384 1042 Huc
394 971 507 1066 caput
518 970 630 1062 atque
647 949 738 1033 illuc
748 948 912 1033 humero
929 979 979 1034 ex
996 970 1157 1066 utroque
1171 960 1367 1072 pependit

287 1096 509 1206 Diffugiunt
529 1091 620 1174 verfi
639 1091 783 1202 trepida
800 1088 1005 1173 formidine
1013 1094 1148 1182 Tro'e's.
1271 1129 1298 1213 7
1304 1106 1363 1216 56

287 1243 355 1340 Et,
381 1239 411 1320 fi
428 1236 607 1318 continuo
623 1232 806 1313 victorem
823 1260 867 1312 ea
885 1261 975 1316 cura
985 1233 1145 1336 subiffet,

287 1384 485 1491 Rumpere
496 1372 652 1460 claustra
663 1401 791 1470 manu,
810 1372 999 1486 sociosque
1016 1376 1219 1462 immittere
1229 1385 1364 1495 portis,

286 1521 458 1602 Ultimus
478 1516 541 1598 ille
555 1515 634 1596 dies
650 1512 751 1595 bello
761 1514 937 1623 gentique
950 1514 1084 1601 firiffet.

286 1662 361 1745 Sed
375 1661 479 1743 fruor
496 1656 689 1740 ardentem
706 1653 901 1767 caedisque
912 1656 1037 1757 insana
1055 1658 1197 1773 cupido
1269 1669 1364 1780 760

285 1803 378 1914 Egit
399 1803 440 1883 in
468 1798 648 1882 adversos.

285 1940 478 2051 Principio
495 1934 700 2035 Phalarim,
728 1952 779 2033 et,
812 1933 953 2017 succiso
971 1935 1125 2048 poplite,
1156 1939 1299 2055 Gygen

285 2080 462 2189 Excipit,
492 2074 583 2158 hinc
594 2091 714 2186 raptas
726 2074 956 2184 fugientibus
971 2076 1105 2193 ingerit
1119 2077 1242 2165 hallas

285 2224 335 2307 In
349 2241 485 2332 tergus.
517 2220 621 2325 Juno
635 2216 729 2299 vires
742 2216 990 2328 animumque
1008 2219 1204 2329 ministrat.

285 2352 408 2446 Addit
425 2358 555 2468 Halyn
566 2356 763 2456 comitem,
794 2375 831 2439 et
841 2356 990 2440 confixa
1009 2356 1159 2477 Phegea
1171 2390 1329 2476 parma,

285 2504 440 2613 Ignaros
460 2497 595 2579 deinde
609 2498 646 2578 in
660 2498 779 2579 muris
798 2499 1041 2609 Martemque
1058 2500 1208 2602 cientes,
1265 2509 1357 2621 766

286 2640 614 2748 Alcandrumque,
632 2637 881 2747 Haliumque,
911 2639 1204 2753 No'e‘monaque,
1224 2645 1361 2758 Pryta-

469 2780 638 2889 uimque.

284 2927 451 3034 Lyncea,
483 2920 700 3003 tendentem
720 2940 849 3003 contra
869 2922 1057 3033 sociosque
1070 2943 1283 3028 vocantem,

284 3062 459 3144 vibranti
472 3059 597 3169 gladio
618 3060 789 3142 connisus
802 3061 849 3140 ab
863 3090 995 3170 aggere
1013 3062 1142 3147 dexter

285 3205 479 3311 Occupat:
510 3197 601 3279 huic
613 3228 689 3279 uno
708 3199 896 3307 dejectum
908 3203 1081 3283 cominus
1093 3205 1171 3286 inu
1264 3237 1358 3324 770

109 3388 113 3401 .
158 3418 162 3425 ,
196 3363 200 3377 ’
284 3342 392 3421 Cum
405 3338 507 3447 galea
525 3337 636 3446 longe
648 3341 767 3448 jacuit
784 3360 908 3450 caput.
942 3342 1028 3425 inde
1042 3344 1207 3429 ferarum

283 3480 520 3563 Vastatorem
534 3480 744 3588 Amycum,
776 3509 853 3588 quo
867 3508 944 3562 non
963 3482 1106 3564 felicior
1117 3485 1208 3568 alter
1236 3494 1239 3499 ’

283 3622 439 3730 Ungere
453 3619 526 3702 tela
540 3647 672 3719 manu,
703 3621 922 3731 ferrumque
941 3652 1083 3705 armare
1101 3655 1267 3711 veneno:

283 3764 337 3845 Et
350 3761 523 3871 Clytium
545 3761 743 3859 Aeoliden,
775 3781 813 3842 et
825 3763 994 3844 amicum
1008 3765 1168 3848 Crethea
1180 3769 1305 3850 Mufis
1312 3809 1328 3868 3

284 3901 651 3985 CretheaMusarum
659 3903 853 4001 comitem,
863 3904 1098 3987 cuicarmina
1110 3908 1325 4022 semper77
1330 3936 1356 4021 ς

283 4042 336 4123 Et
346 4040 507 4124 citharae
525 4043 641 4140 cordi,
670 4045 920 4153 numerosque
939 4047 1128 4130 intendere
1147 4048 1294 4129 nervis:

284 4184 439 4299 Semper
449 4208 578 4294 equos,
588 4203 697 4294 atque
707 4186 952 4286 armavirum,
962 4191 1176 4302 pugnasque
1184 4186 1355 4272 canebat.

1172 4327 1358 4411 Tandem
