2872 5176
370 340 699 432 Aruernos
742 330 950 430 LrnX.
1077 341 1172 463 185
1340 382 1350 399 ’

109 539 395 650 pectoribusque
417 536 546 634 arfiffe,
578 535 683 643 Jovis
693 560 786 618 cum
800 535 961 620 fulmina
971 557 1101 624 contra
1159 538 1164 543 ’

112 688 190 769 Tot
208 658 357 795 paiibus
375 680 550 790 streperet
562 677 716 788 clypeis,
747 694 804 757 tot
820 677 1013 791 stringeret
1030 683 1146 770 enses.

113 826 171 907 Sic
183 841 262 904 toto
276 823 422 903 Aeneas
439 817 597 899 desaevit
610 816 649 896 in
668 841 828 926 aequore
840 819 971 919 vidior,
1169 824 1172 829 ⁴

112 969 166 1048 Ut
176 963 289 1046 semel
308 961 467 1072 intepuit
479 985 626 1043 mucro.
656 958 750 1067 quin
766 984 854 1040 ecce
871 960 1040 1075 Niphaei
1088 991 1175 1083 570

111 1103 359 1210 Quadrijuges
376 1101 416 1182 in
427 1125 543 1209 equos
556 1097 779 1206 adversaque
795 1100 946 1207 pedora
959 1104 1097 1199 tendite

113 1250 242 1357 Atque
256 1245 312 1326 illi
325 1243 435 1352 longe
449 1241 680 1352 gradientem
691 1240 1071 1344 etdirafrementeru-
1235 1282 1238 1286 ·

113 1389 169 1467 Ut
187 1387 323 1482 videre,
351 1402 458 1465 metu
474 1382 578 1479 verfi,
605 1399 778 1488 retroque
789 1403 946 1484 ruentes,
1206 1394 1211 1404 “

112 1522 400 1630 Effunduntque
410 1520 561 1614 ducem,
589 1518 812 1627 rapiuntque
829 1522 877 1603 ad
888 1525 994 1608 litora
1010 1554 1153 1610 currus.

113 1662 257 1742 Interea
274 1657 409 1766 bijugis
429 1656 541 1735 infert
555 1654 783 1764 seLucagus
800 1656 892 1741 albis
1035 1668 1042 1679 '
1092 1691 1178 1778 575

113 1802 159 1881 ln
173 1799 329 1895 medios,
360 1797 546 1907 fraterque
563 1795 701 1906 Liger3
733 1795 796 1876 sed
814 1797 927 1882 frater
953 1799 1108 1887 habenis

112 1942 146 2021 F
148 1941 250 2021 lettit
260 1965 403 2048 equos,
435 1937 606 2018 strictum
617 1953 713 2016 rotat
724 1965 808 2022 acer
825 1940 998 2053 Lucagus
1010 1945 1150 2032 ensem.
1209 1963 1212 1969 ’

114 2080 235 2161 Haud
253 2077 338 2159 tulit
355 2060 502 2158 Aeneas
524 2094 627 2157 tanto
643 2076 788 2159 fervore
807 2078 990 2170 direntes:

116 2220 242 2319 irruit,
270 2217 492 2326 adversaque
509 2216 639 2325 ingens
650 2216 943 2328 apparuithasta.

115 2363 190 2443 Cui
209 2360 335 2469 Liger.
397 2396 400 2401 ¹
1093 2367 1183 2480 580

115 2503 210 2583 Non
222 2497 421 2582 Diomedis
433 2526 564 2609 equos,
592 2527 662 2581 nec
675 2527 828 2584 currum
846 2503 964 2587 cernis
975 2503 1157 2611 Achillei,

116 2647 197 2726 Aut
213 2639 399 2750 Phrygiae
409 2667 583 2748 campos:
612 2668 713 2724 nunc
728 2642 817 2725 belli
830 2642 915 2729 finis
934 2665 973 2731 et
984 2648 1064 2730 aevi
1209 2656 1210 2660 '

115 2782 350 2865 His·dabitur
366 2784 481 2864 terris.
510 2783 643 2864 vesano
659 2783 746 2865 talia
761 2783 835 2866 late
889 2796 894 2807 '

115 2929 230 3009 Diua
246 2925 371 3007 volant
388 2926 514 3036 Ligeri
524 2967 536 3023 3
568 2925 720 3008 sednon
740 2945 779 3008 et
792 2929 935 3011 Troius
955 2925 1065 3014 heros

114 3067 229 3156 Didia
239 3082 343 3176 parat
355 3082 508 3161 contra3
528 3062 700 3172 jaculum
715 3092 806 3146 narn
832 3083 981 3178 torquet
993 3070 1034 3154 in
1047 3070 1182 3156 hostes.

114 3207 303 3315 Lucagus,
334 3222 376 3283 ut
388 3230 527 3312 pronus
543 3203 708 3313 pendens
725 3205 766 3283 in
780 3203 932 3287 verbera
942 3208 1019 3291 teio
1095 3213 1181 3324 586

115 3344 330 3427 Admonuit
350 3343 509 3451 bijugos,
537 3344 704 3452 projedio
720 3343 817 3423 dum
834 3344 930 3454 pede
940 3345 1046 3433 laevo

116 3492 235 3597 Aptat
249 3488 285 3566 se
298 3512 458 3595 pugnae,
486 3485 583 3565 subit
601 3511 682 3565 oras
698 3482 801 3565 hasta
818 3488 991 3594 perimas

68 3667 71 3672 Δ
113 3628 148 3707 F
149 3626 308 3736 ulgentis
324 3622 472 3732 clypei:
502 3641 587 3703 turn
600 3625 751 3714 laevum
768 3623 930 3732 perforat
941 3628 1092 3739 inguen.

115 3764 298 3847 Excuffus
315 3791 427 3844 curru
445 3761 692 3842 moribundus
704 3763 863 3844 volvitur
880 3768 986 3850 arvis.

115 3907 248 4002 Quem
265 3902 347 4013 pius
365 3902 511 3981 Aeneas
528 3899 637 3980 diuis
653 3899 786 3982 affatur
802 3905 954 3986 amaris:
1097 3935 1184 4020 590

116 4045 283 4150 Lucage,
318 4039 422 4123 nulla
437 4058 520 4121 tuos
538 4067 667 4121 currus
687 4038 778 4150 fuga
796 4042 916 4152 segnis
937 4046 1125 4151 equorum

113 4181 298 4283 Prodidit,
328 4197 393 4268 aut
406 4206 520 4265 vanae
534 4197 674 4268 vertere
687 4206 737 4267 ex
755 4180 926 4268 hostibus
940 4186 1108 4270 umbrae.

1104 4321 1186 4439 Ipse
