2872 5176
348 333 686 485 Auuuruos
722 330 946 433 L1r.x.-
1078 374 1173 471 171

104 543 176 629 Ille
191 538 305 624 etiam
320 537 447 649 patriis
459 564 598 647 agmen
612 532 687 619 ciet
707 536 838 618 Ocnus
857 537 906 619 ab
923 541 1011 640 oris,

105 683 294 771 Fatidicae
308 681 468 763 Mantus
481 696 520 762 et
534 677 653 760 Tusci
667 676 768 760 filius
783 678 918 782 amnis,
1094 714 1178 802 ¹99

106 822 187 926 Qui
205 849 334 904 muros
345 818 547 928 matrisque
562 817 667 900 dedit
685 817 768 916 tibi,
779 817 954 918 Mantua,
969 848 1134 928 nomen3

104 965 270 1048 Mantua
291 962 393 1042 dives
411 960 507 1043 avis:
538 958 602 1040 sed
621 987 699 1042 non
714 985 833 1069 genus
850 962 1028 1049 omnibus
1042 974 1182 1060 uncum

106 1104 214 1184 Gens
230 1100 285 1181 illi
303 1097 453 1209 triplex,
484 1097 617 1212 populi
637 1097 707 1181 sub
717 1116 828 1208 gente
848 1105 1032 1211 quaterni,

105 1242 190 1353 Ipsa
203 1257 316 1352 caput
332 1239 500 1352 populis:
531 1239 662 1323 Tusco
678 1239 728 1320 de
739 1238 916 1349 sanguine
934 1243 1042 1330 vires.

105 1383 212 1465 Hinc
229 1409 383 1493 quoque
398 1381 673 1492 quingentosin
686 1379 723 1460 se
740 1379 958 1465 Mezentius
978 1400 1112 1487 armat,
1248 1410 1252 1417 ·

107 1527 217 1635 Qos
236 1540 340 1633 patre
358 1524 521 1620 Benaco,
551 1520 691 1603 velatus
708 1522 890 1605 armdine
901 1523 1048 1634 glauca,
1092 1553 1148 1613 20
1152 1551 1180 1641 ς

104 1659 277 1744 Mincius
293 1657 427 1741 infesta
443 1658 604 1740 ducebat
621 1658 660 1738 in
674 1685 835 1769 aequora
848 1663 955 1772 pinu.

107 1804 145 1884 It
157 1800 277 1912 gravis
292 1796 459 1897 Auletes,
492 1816 723 1910 centenaque
734 1799 865 1884 arbore
884 1801 1046 1886 fluerem

107 1936 290 2021 Verberat
306 1912 512 2046 affurgens:
543 1935 717 2046 spumant
728 1934 822 2019 vada
832 1965 1021 2022 marmore
1032 1941 1150 2030 verso.
1218 2030 1222 2037 ,

107 2082 227 2161 Hunc
244 2075 349 2159 vehit
367 2075 546 2158 immanis
565 2077 691 2175 triton,
706 2094 743 2159 et
760 2078 907 2160 caerula
924 2079 1074 2162 concha
1088 2109 1176 2197 209

107 2223 308 2305 Exterrens
325 2216 440 2304 freta:
471 2219 536 2301 cui
550 2217 711 2300 laterum
728 2236 833 2302 tenus
852 2217 998 2330 hispida
1014 2223 1119 2305 nanti

109 2364 230 2443 Frons
243 2358 444 2440 hominem
460 2358 634 2469 praefert,
666 2360 706 2441 in
723 2357 854 2469 pristin
874 2358 1006 2441 desinit
1018 2361 1148 2467 alvus3

110 2503 274 2620 Spumea
291 2496 464 2579 semifero
476 2500 543 2618 sub
558 2501 709 2609 pastore
721 2517 935 2581 murmurat
947 2502 1060 2586 unda.

109 2642 191 2723 Tot
206 2638 291 2722 lecti
304 2666 475 2750 proceres
492 2657 546 2722 ter
564 2639 669 2722 denis
686 2641 841 2722 navibus
860 2640 965 2724 ibant

97 2781 276 2914 ¹Subsrrlio
290 2781 443 2889 Trojae,
470 2799 509 2863 et
527 2809 679 2891 campos
699 2781 779 2863 salis
798 2810 881 2864 aere
891 2783 1073 2864 secabant.
1096 2809 1178 2895 214
1312 2884 1319 2899 ,

170 2921 334 3030 Jamque
345 2920 423 3001 dies
435 2921 543 3002 coelo
556 2920 790 3020 concesserat,
819 2921 994 3031 almaque
1006 2949 1120 3003 curru

106 3065 321 3172 Nostivago
335 3059 489 3144 Phoebe
506 3056 677 3145 medium
696 3061 863 3174 pulsabat
877 3062 1121 3173 Olympum3

111 3206 269 3301 Aeneas,
302 3203 539 3310 nequeenim
557 3201 737 3283 membris
754 3202 817 3283 dat
833 3229 923 3283 cura
938 3203 1120 3310 quietern,

111 3343 192 3452 Ipse
208 3343 335 3424 sedens
346 3339 573 3451 clavumque
586 3342 680 3450 regit
691 3340 852 3450 velisque
865 3340 1060 3425 ministrat.

109 3484 239 3592 Atque
256 3481 311 3563 illi
325 3481 453 3563 medio
464 3481 504 3562 in
515 3481 630 3591 spatio
641 3478 791 3582 chorus,
804 3509 905 3580 ecce,
923 3482 1073 3563 suarum
1090 3510 1176 3597 219

110 3624 285 3704 Occurrit
297 3622 505 3704 comitum:
534 3621 739 3733 nymphae,
781 3652 873 3734 quas
890 3622 990 3704 alma
1005 3623 1149 3734 Cybele
1223 3620 1228 3628 ’

109 3765 271 3846 Numen
289 3762 427 3845 habere
438 3764 562 3860 maris,
594 3763 853 3875 nymphasque
870 3794 892 3846 e
909 3763 1063 3845 navibus
1075 3762 1148 3847 effe

109 3903 280 4012 Jufferat,
310 3903 487 3985 innabant
503 3904 652 4015 pariter,
684 3904 894 4018 fluctusque
919 3902 1103 4006 secabant,

109 4044 218 4152 Qot
229 4044 331 4172 prius
347 4061 488 4128 aeratae
506 4045 679 4127 steterant
695 4048 744 4129 ad
761 4045 867 4131 litora
879 4072 1021 4159 prorae.

106 4182 611 4303 Agnoscuntlongeregem,
641 4185 871 4311 lustrantque
886 4187 1045 4275 choreis.

212 4358 216 4365 ”
989 4331 1179 4432 Quarum»
