2872 5176
378 328 742 444 -Anuarnos
776 342 901 449 Lru
936 345 999 441 X.
1105 347 1202 476 165

131 550 282 649 Aledo,
312 550 455 632 medias
470 548 609 632 Itahun
624 544 804 629 bacchata
822 574 890 658 per
907 548 1029 632 urbes.

129 693 206 773 Nil·
221 689 329 802 super
347 690 507 801 imperio
523 715 698 770 moveor:
725 687 953 798 speravimus
966 689 1048 788 ista,

127 831 239 915 Dum
249 831 398 913 fortuna
412 830 509 913 fuit:
540 828 704 925 vincant,
733 827 987 936 quosvincere
1002 829 1133 913 mavis

125 972 166 1052 si
181 968 284 1053 nulla
298 968 352 1051 est
368 969 483 1079 regio,
515 967 677 1050 Teucris
689 995 807 1076 quam
823 966 888 1049 det
898 988 962 1049 tua
978 972 1119 1079 conjux

125 1110 233 1191 Dura
243 1119 258 1192 τ’
284 1136 351 1221 per
369 1108 524 1205 eversae,
554 1108 712 1218 genitor,
741 1105 925 1189 fumantia
935 1111 1074 1220 Trojae
1132 1141 1160 1220 4
1167 1139 1192 1226 ς

125 1250 286 1333 Excidia
302 1250 463 1331 obtestor
470 1291 484 1349 3
515 1247 623 1329 liceat
634 1246 821 1329 dimittere
831 1246 886 1363 'ab
898 1250 1012 1330 annis

123 1384 367 1477 lncolut'nem
385 1392 604 1487 Ascanium,
633 1391 741 1472 liceat
761 1389 938 1501 superesse
956 1410 1147 1503 nepotem.

122 1535 271 1615 Aeneas
288 1532 371 1612 sane
386 1533 521 1641 ignotis
533 1533 692 1639 jactetur
710 1531 749 1610 in
765 1531 889 1634 undis,

122 1674 188 1774 Et,
219 1700 488 1785 quamcunque
500 1674 601 1751 viam
615 1671 757 1753 dederit
766 1668 932 1789 ¹fortuna,
963 1674 1157 1785 sequatur:
1184 1735 1187 1741 -

122 1814 242 1897 Hunc
258 1833 392 1923 tegere,
413 1833 449 1896 et
467 1815 566 1894 dirae
579 1810 724 1894 valeam
734 1813 936 1897 subducere
956 1845 1113 1927 pugnae.
1130 1846 1186 1928 50

121 1952 190 2035 Est
202 1947 403 2055 Amathus,
422 1955 476 2037 est
490 1952 586 2035 celsa
598 1951 696 2033 mihi
708 1952 869 2065 Paphos,
880 1974 992 2067 atque
1009 1950 1187 2068 Cythera,

121 2092 332 2204 Idaliaeque
353 2096 508 2176 domus:
539 2095 664 2205 posrtis
682 2091 859 2200 inglorius
869 2099 982 2178 armis

120 2232 257 2341 Exigat
275 2231 339 2316 hic
356 2260 505 2313 aevum.
544 2260 682 2339 magna
703 2232 842 2312 ditione
851 2234 983 2340 jubeto
1116 2280 1119 2287 ·

120 2373 310 2484 Carthago
328 2391 473 2483 premat
492 2371 722 2454 Ausoniam:
753 2371 849 2454 nihil
866 2376 1019 2460 urbibus
1036 2380 1123 2463 inde
1181 2446 1184 2450 .

121 2514 295 2596 Obstabit
313 2516 453 2624 Tyriis.
483 2514 575 2624 quid
588 2515 733 2624 pestem
749 2515 902 2597 evadere
916 2519 1006 2600 belli
1125 2551 1150 2637 5
1156 2550 1181 2637 ς

119 2656 236 2761 Juvit,
266 2675 303 2736 et
314 2657 511 2766 Argolicos
525 2657 696 2737 medium
708 2655 840 2765 fugisse
854 2685 919 2769 per
935 2661 1061 2770 ignes?
1165 2686 1168 2691 ’

104 2780 272 2906 ιΤοῑςιιιε
287 2799 412 2894 maris,
442 2795 637 2904 vastaeque
650 2793 828 2877 exhausta
846 2800 1009 2908 pericula
1026 2817 1154 2898 ternae,

118 2935 389 3017 DumLatium
397 2937 538 3018 Teucri
546 2937 779 3044 recidivaque
788 2938 1182 3049 Pergamaquaerunt?

116 3076 209 3155 Non
221 3076 329 3155 satius
349 3077 488 3156 eineres
505 3077 641 3184 patriae
659 3075 821 3157 insedisse
838 3077 1040 3187 supremos,
1175 3140 1181 3151 .

117 3217 245 3324 Atque
263 3214 397 3313 solum,
425 3244 503 3326 quo
520 3217 636 3324 Troja
656 3214 749 3299 suit?
781 3214 979 3300 Xanthum
998 3238 1035 3302 et
1055 3223 1182 3306 Simo-

301 3365 389 3438 enta
1123 3375 1179 3454 60

117 3496 263 3600 Redde,
299 3527 380 3596 om,
413 3501 574 3597 miseris3
606 3501 815 3610 iterumque
833 3500 1019 3584 revolvere
1031 3504 1133 3586 casus

117 3638 192 3735 Da,
220 3627 335 3747 pater,
371 3640 501 3719 Iliacos
522 3640 692 3721 Teucris.
723 3659 807 3719 tum
825 3641 923 3747 regia
943 3644 1046 3749 Juno

118 3775 217 3853 Aeta
229 3774 354 3856 furore
372 3778 493 3885 gravi:
526 3775 618 3884 quid
638 3803 701 3855 me
716 3775 788 3854 alta
807 3774 948 3861 silentia
961 3781 1063 3888 cogis

117 3915 324 4022 Rumpere,
355 3933 393 3995 et
410 3916 621 3996 obductum
633 3915 752 3997 verbis
764 3916 1120 4027 vulgaredolorem?

117 4055 272 4134 Aenean
285 4051 489 4135 hominum
503 4056 701 4166 quisquam
713 4056 920 4170 divumque
931 4061 1075 4172 subegit
1125 4067 1149 4149 6
1156 4092 1181 4179 5

117 4191 219 4275 Bella
236 4192 352 4305 sequi,
381 4212 446 4278 aut
463 4192 612 4285 hostem
632 4195 710 4305 regi
723 4196 759 4276 se
778 4196 913 4281 inferre
925 4201 1089 4285 Latino?
1197 4198 1202 4207 ’

687 4334 738 4451 Μ
767 4363 790 4448 3
1039 4339 1186 4427 Italiam
