2872 5176
329 409 676 501 Aruernos
714 403 946 504 LtuXI.
1058 437 1153 543 ²05

96 605 359 718 Tyrrhenique
377 605 502 702 duces,
534 602 778 714 Tyrrhenum
791 610 971 692 exercitus
990 613 1125 695 omnis.

95 744 239 854 Magna
257 763 406 853 tropaea
415 742 552 838 serunt,
584 771 678 852 quos
696 743 758 823 dat
771 764 833 826 tua
849 747 999 831 dextera
1011 748 1126 835 lethu.

95 883 162 961 Tu
182 909 334 991 quoque
351 907 451 961 nunc
470 879 579 960 stares
593 881 768 962 immanis
785 900 936 969 truncus
948 889 986 969 in
1000 889 1125 989 armis,

95 1022 196 1103 Esset
212 1051 278 1133 par
296 1039 404 1120 aetas,
432 1039 471 1103 et
491 1019 594 1100 idem
609 1020 638 1100 fi
651 1023 764 1102 robur
776 1023 823 1103 ab
839 1029 955 1129 annis,
1072 1037 1156 1145 1'74

97 1164 241 1245 Turne.
273 1162 334 1242 sed
349 1160 478 1242 infelix
494 1164 662 1243 Teucros
675 1163 766 1273 quid
780 1165 954 1250 demoror
964 1170 1100 1254 armis?

97 1302 244 1399 Vadite,
277 1320 314 1382 et
327 1298 419 1382 haec
434 1329 621 1382 memores
640 1302 717 1411 regi
735 1305 910 1387 mandata
921 1309 1078 1391 referte:

95 1443 211 1548 Qud
232 1442 348 1521 vitam
366 1468 492 1521 moror
512 1440 680 1538 invisam,
712 1441 876 1526 Pallante
895 1466 1078 1557 peremto,

96 1579 262 1658 Dextera
274 1578 382 1656 causa
393 1595 457 1656 tua
473 1576 540 1674 est,
570 1578 749 1657 Turnum
765 1598 925 1691 natoque
943 1590 1114 1698 patrique
1128 1640 1130 1643 -

98 1718 228 1824 Qam
241 1713 376 1794 debere
393 1714 493 1794 vides
507 1754 519 1812 ς
551 1714 691 1794 meritis
705 1733 809 1797 vacat
829 1717 892 1800 hic
906 1725 973 1804 tibi
988 1726 1085 1808 solus

97 1856 356 1962 Fortunaeque
367 1851 483 1934 locus.
514 1881 592 1933 non
600 1853 694 1933 vitae
709 1855 842 1963 gaudia
855 1887 1004 1967 quaero,
1074 1867 1157 1954 180

98 1995 186 2078 Nec
202 1993 280 2100 fas:
312 1994 374 2076 sed
387 2013 473 2076 nato
487 2022 615 2075 manes
628 1994 786 2103 perferre
804 1996 993 2085 subimos.
1046 2066 1054 2081 .

161 2138 309 2216 Aurora
325 2135 462 2216 interea
480 2117 620 2215 miseris
639 2134 857 2217 mortalibus
880 2140 1021 2224 almam

99 2275 293 2360 Extulerat
304 2273 442 2372 lucem,
469 2274 628 2356 referens
641 2303 752 2384 opera
764 2295 875 2386 atque
886 2280 1040 2370 labores.

101 2418 190 2524 Jam
202 2432 305 2524 pater
323 2415 481 2511 Aeneas,
507 2416 590 2523 jam
607 2441 721 2495 curvo
735 2414 775 2494 in
790 2412 895 2498 litore
916 2422 1096 2506 Tarchon

101 2555 333 2638 Constituere
344 2582 463 2664 pyras.
484 2553 561 2635 huc
577 2582 732 2665 corpora
747 2555 901 2669 quisque
912 2562 1063 2648 suorum
1079 2566 1158 2680 185

101 2695 215 2777 More
234 2694 350 2776 tulere
368 2715 515 2805 patrum
524 2737 537 2794 3
568 2696 808 2805 subjestisque
821 2699 968 2808 ignibus
986 2709 1070 2789 atris

101 2834 286 2915 Conditor
304 2835 343 2914 in
355 2835 520 2916 tenebras
533 2832 652 2924 altum
665 2834 821 2943 ealigine
836 2840 999 2925 coelum.
1123 2918 1128 2927 ,

103 2976 183 3056 Ter
201 2975 347 3056 circum
359 2975 541 3076 accensos,
575 2972 687 3054 cineri
704 2972 932 3082 fulgentibus
945 2983 1057 3063 armis

101 3118 447 3225 Decurrererogos3
478 3132 533 3196 ter
545 3112 732 3196 moestum
744 3111 882 3195 funeris
900 3118 1029 3227 ignem

102 3226 317 3337 Lustravere
338 3257 377 3336 in
390 3257 509 3366 equis,
542 3253 773 3363 ululatusque
791 3282 854 3336 ore
872 3255 1017 3344 dedere.
1077 3289 1159 3378 190

104 3397 291 3506 Spargitur
302 3414 339 3479 et
356 3397 462 3478 tellus
476 3396 662 3505 lacrymiS,
692 3395 911 3506 sparguntur
920 3417 959 3482 et
974 3428 1089 3488 arma.

104 3539 141 3618 It
154 3537 260 3619 coelo
279 3536 493 3647 clamorque
512 3538 648 3634 virum,
677 3535 902 3649 clangorque
916 3541 1103 3631 tubamm.
1123 3638 1128 3647 Ι

103 3677 210 3758 Hinc
228 3676 291 3758 alii
307 3678 422 3788 spolia
435 3677 560 3759 occisrs
574 3677 716 3787 direpta
726 3678 868 3761 Latinis
1000 3710 1008 3723 ·

104 3815 318 3924 Conjiciunt
330 3818 421 3927 igni,
452 3817 584 3927 galeas,
611 3816 783 3927 ensesque
798 3818 965 3921 decoros,

104 3955 310 4066 Frenaque,
328 3955 579 4067 ferventesque
596 3976 714 4056 rotas;
745 3985 827 4068 pars
841 3988 997 4046 munera
1006 3980 1093 4049 nota
1101 4005 1116 4065 3

106 4092 278 4203 ipsorum
291 4095 453 4208 clypeos,
482 4116 520 4177 et
538 4125 614 4178 non
628 4098 748 4180 felicia
762 4098 845 4187 tela.
1079 4108 1162 4216 196

107 4231 235 4318 Multa
252 4235 370 4341 boum
381 4238 478 4323 circa
495 4240 704 4325 tundantur
720 4266 875 4355 corpora
889 4243 1002 4364 morti
1011 4285 1026 4348 ς
1155 4336 1158 4343 ,

1071 4381 1168 4466 sus
1294 4412 1298 4427 ’
