2872 5176
271 369 335 443 ro
463 336 515 433 Ρ.
548 324 813 428 Virortrr
849 329 1128 428 Maronia

262 547 374 633 Tum
401 564 490 625 tero
506 538 715 651 ingeminat
728 536 884 643 clamor,
903 534 1104 650 cunctique
1118 538 1340 652 sequentem

260 660 445 798 Instigant
461 682 613 782 studiis3
648 679 865 790 resonatque
882 678 1089 791 fragoribus
1101 680 1239 770 aether.

261 828 333 928 Hi,
360 826 556 940 proprium
585 822 699 906 decus
733 839 772 902 et
787 837 951 932 partum,
978 818 1229 932 indignantur,
1259 820 1339 907 ho-

446 988 581 1046 norem

260 1106 320 1190 Ni
336 1123 498 1204 teneant,
516 1103 708 1211 vitamque
720 1095 853 1181 volunt
869 1124 938 1211 pro
953 1097 1063 1181 laude
1080 1102 1226 1212 pacisci.
1242 1124 1265 1188 2
1273 1124 1339 1220 30¹

161 1278 192 1299 ⁸
259 1245 347 1327 Hos
366 1243 546 1326 succeffus
565 1241 655 1322 alit:
683 1238 843 1350 possunt,
865 1240 954 1351 quia
970 1236 1072 1350 poffe
1086 1241 1271 1331 videntur.

199 1376 204 1385 ’
260 1387 402 1470 Etfors
419 1385 584 1496 aequatis
603 1381 958 1494 cepissentpraemia
971 1380 1120 1483 rostris,
1276 1414 1281 1421 ·

258 1527 318 1611 Ni
330 1524 474 1638 palmas
484 1543 601 1639 ponto
617 1521 772 1604 tendens
789 1521 959 1632 utrasque
980 1520 1190 1607 Cloanthus

258 1667 500 1777 Fudiss'etque
516 1691 658 1777 preces,
677 1662 856 1774 divosque
880 1664 921 1745 in
938 1682 1024 1746 vota
1046 1667 1224 1750 vocallet:

259 1807 330 1907 Di,
356 1806 494 1919 quibua
525 1805 729 1917 imperium
760 1801 815 1883 est
831 1803 965 1914 pelagi,
990 1834 1156 1915 quorum
1172 1796 1348 1919 aequora¹

445 1975 582 2045 cutroa
1241 1981 1265 2038 2
1274 1982 1334 2068 35

260 2089 384 2172 Vobis
401 2088 517 2170 laetus
534 2116 606 2199 ego
624 2087 701 2170 hoc
726 2088 950 2169 candentem
969 2088 1009 2169 in
1026 2085 1132 2172 litore
1151 2109 1307 2175 taurum

258 2229 496 2313 constituam
515 2247 600 2312 ante
620 2257 697 2310 aras
710 2229 787 2309 voti
817 2255 913 2327 reus,
930 2246 1088 2339 extaque
1107 2208 1213 2313 salsos
1335 2264 1340 2271 ·

256 2372 465 2456 Potriciam
481 2373 521 2452 in
534 2370 681 2471 fluetus,
705 2388 744 2451 et
760 2372 846 2451 vina
864 2371 1043 2480 liquentia
1063 2372 1234 2459 fundam.

257 2513 394 2595 Dixit:
425 2536 589 2620 eumque
607 2512 693 2592 imis
710 2509 778 2591 sub
799 2508 973 2592 fluetibus
989 2513 1106 2593 audiit
1122 2515 1246 2598 omnis

255 2649 681 2762 Nereiduml’horcique
692 2648 842 2747 chorus,
857 2648 1101 2763 Panopeaque
1109 2657 1225 2766 virgo,
1240 2685 1330 2768 240

256 2792 311 2874 Et
327 2811 431 2904 pater
447 2792 524 2906 ipse
540 2820 656 2874 manu
668 2818 804 2902 magna
815 2793 999 2874 Portunus
1012 2814 1166 2878 euntem

256 2932 439 3046 hpulit:
472 2932 536 3015 illa
551 2954 642 3043 noto
655 2935 763 3018 citius
784 2930 1001 3042 volucrique
1020 2934 1148 3044 sagitta

258 3075 325 3158 Ad
342 3094 478 3157 terram
494 3076 605 3184 fugit,
624 3094 662 3156 et
679 3091 789 3184 portu
803 3073 838 3154 se
857 3074 1024 3154 condidit
1041 3072 1127 3158 alto.

257 3216 369 3296 Tum
387 3211 481 3295 satus
498 3212 676 3310 Anchisa,
702 3214 845 3294 cunctis
863 3240 911 3294 ex
934 3242 1040 3296 more
1065 3215 1216 3313 vocatis,

256 3351 454 3432 Videorem
473 3379 609 3460 magna
630 3352 820 3463 praeconis
838 3380 927 3433 voce
946 3351 1177 3436 Cloanthum
1238 3382 1294 3462 24
1302 3385 1329 3469 ς

256 3488 446 3590 Declarat,
461 3490 644 3600 viridique
661 3488 805 3571 advelat
824 3507 993 3601 tempora
1011 3492 1143 3576 lauro:
1224 3482 1228 3496 ⁸
1303 3513 1313 3532 ’

254 3632 497 3742 Muneraque
509 3631 549 3711 in
562 3658 671 3712 naves
697 3624 817 3712 ternos
837 3651 962 3740 optare
980 3631 1173 3741 juvencos,

93 3830 98 3841 ,
254 3771 442 3883 Vinaque,
462 3788 501 3852 et
518 3771 658 3881 argenti
674 3796 859 3879 magnum
874 3771 937 3851 dat
954 3771 1050 3852 ferre
1070 3750 1269 3859 talentum.

254 3910 346 4020 Ipsis
362 3912 580 4024 praecipuos
597 3906 813 3991 ductoribus
835 3910 940 3992 addit
954 3911 1141 3995 honores:

253 4050 401 4132 victori
414 4049 658 4161 chlamydem
672 4068 850 4148 auratam,
863 4072 980 4161 quam
992 4050 1155 4164 phuima
1163 4050 1317 4136 circum

252 4189 423 4309 Proptua
437 4189 646 4275 Maeandro
663 4188 808 4303 diplici
821 4184 1012 4309 Meliboea
1021 4190 1202 4290 cucurrit,
1240 4217 1264 4275 a
1271 4172 1348 4303 51=

1080 4328 1329 4444 Intextusque
