2872 5176
399 324 719 418 Aruernus
745 319 861 414 Lr'n.
896 301 1028 415 vm.
1121 336 1219 459 rag·

148 530 274 647 Tybri
285 530 406 643 pater!
439 520 591 638 poscant
609 522 720 624 acies,
751 534 790 606 et
801 520 953 605 foedera
966 540 1158 638 rumpam.
1183 580 1189 587 -
1212 576 1219 590 ·

210 675 319 757 Haec
334 669 400 752 ubi
412 667 511 748 dieta
521 665 637 765 dedit,
656 663 748 745 solio
761 663 797 744 se
809 661 908 745 tollit
925 662 974 743 ab
991 664 1088 770 alt03
1132 695 1215 784 541

148 816 201 898 Et
217 814 392 927 primum
409 804 608 888 Herculeis
620 804 754 916 sopitas
776 802 924 914 ignibus
937 828 1017 888 arae
1214 798 1219 807 ’

148 955 313 1054 Excitat,
344 948 638 1058 hesternumque
654 948 808 1047 Larem,
845 947 1050 1058 parvusque
1065 950 1225 1038 Penatee'

148 1098 287 1179 Laetus
307 1086 410 1174 adit:
441 1086 772 1171 macheleeeasde
789 1087 1104 1190 murebidentm
1209 1096 1216 1173 ζ

149 1230 345 1313 Evandnu
362 1227 510 1340 pariter,
540 1227 677 1338 pariter
693 1226 734 1306 T
734 1224 859 1336 rojana
866 1227 1055 1334 juventus.
1132 1252 1219 1344 543

150 1371 351 1456 Post'hinc
375 1370 423 1451 ad
442 1396 555 1452 naves
578 1369 760 1479 graditur,
789 1367 981 1479 sociosque
997 1370 1142 1454 revifita
1222 1349 1227 1360 ’

149 1517 327 1624 Qorum
342 1510 390 1594 de
402 1534 577 1613 numero,
607 1511 676 1618 qui
687 1508 759 1589 sese
777 1509 817 1588 in
833 1508 932 1590 bella
947 1509 1162 1621 sequantur,

149 1652 379 1737 Praestanter
397 1648 533 1731 virtute
551 1649 653 1758 legit.
685 1667 921 1758 paneaetera
937 1676 1057 1760 prona

149 1795 283 1878 Fertur
298 1818 409 1902 aqua,
435 1790 627 1901 segnisque
642 1789 804 1873 secundo
820 1789 952 1873 defluit
963 1791 1081 1890 amni,

149 1937 469 2022 Nunciaventuru
485 1935 649 2016 Ascanio
669 1962 870 2045 rerumque
887 1934 1083 2047 patrisqoe.
1133 1962 1157 2049 ς
1164 1960 1219 2050 50

149 2080 300 2162 Dantur
315 2077 404 2187 equi
419 2078 579 2159 Teucris
600 2075 800 2186 Tynhena
816 2080 1027 2187 mribus
1038 2107 1148 2162 arraz

151 2219 312 2299 Ducunt
321 2217 507 2298 exsortem
520 2218 684 2314 Aeneae,
716 2244 834 2326 quem
851 2216 954 2298 fulva
973 2217 1093 2298 ieonis
1210 2231 1214 2292 3

150 2328 1131 2466 Perrrsoeut'onm,pnuurgensn1guuusanen
1207 2434 1212 2442 .

213 2496 248 2576 F
248 2522 335 2579 ama
350 2494 450 2576 voiat
465 2521 618 2606 parvam
632 2496 753 2578 subito
766 2472 918 2607 uulgata
928 2525 996 2610 per
1009 2499 1161 2599 urbem,
1180 2566 1183 2571 -

153 2636 490 2747 Ociusireequitee
500 2635 1010 2750 Tyrrheniadliminaregis,
1132 2658 1220 2754 533

157 2778 253 2861 Vota
271 2780 584 2890 metuduplicant
596 2799 744 2879 matres,
775 2782 1001 2892 propiusque
1017 2781 1161 2892 periclo

152 2923 187 3004 It
201 2924 330 3022 timor,
354 2940 393 3004 et
407 2923 528 3031 major
541 2924 677 3004 Martis
692 2923 776 3032 jam
786 2943 938 3034 apparet
946 2923 1088 3033 imago⁴
1210 2924 1215 2934 '

152 3065 261 3145 Tum
280 3080 383 3175 pater
400 3063 595 3145 Evandnrs
613 3064 785 3145 dextram
802 3063 1023 3174 complexus
1039 3061 1162 3144 euntis
1208 3138 1213 3143 .

152 3204 308 3303 Haeret,
339 3204 574 3316 inexpletum
589 3205 810 3315 lacrymans,
839 3228 884 3284 ac
899 3204 987 3285 talia
1005 3201 1129 3285 future

152 3347 192 3426 0
206 3345 303 3426 mihi
318 3349 531 3457 praeteritur
544 3348 677 3430 referat
689 3348 715 3427 fi
727 3347 875 3457 Jupiter
887 3348 1022 3430 annosi
1132 3326 1220 3459 ζόα

153 3487 285 3585 Qualis
297 3517 414 3591 eram,
429 3519 521 3572 cum
537 3492 703 3602 primam
712 3491 834 3572 aciem
848 3486 1042 3571 Praeneste
1058 3488 1127 3570 sub
1144 3485 1223 3599 ipsa

148 3630 283 3730 suavi,
315 3630 579 3743 scutorumque
591 3632 742 3716 incendi
755 3633 1033 3713 vietoracervoe
1045 3671 1059 3730 3
1258 3705 1261 3710 .

153 3771 205 3853 Et
223 3800 351 3882 regern
370 3772 443 3856 hac
455 3775 635 3857 Heriium
648 3775 781 3856 dextra
798 3773 866 3854 sub
880 3770 1142 3856 tartaramffir·
1206 3790 1209 3801 '

153 3913 332 3997 Nascenti
344 3916 407 3998 cui
421 3934 494 4001 tres
513 3918 654 4000 aninus
667 3914 828 3999 Feronia
843 3934 975 4018 mater,
1133 3914 1225 4027 564

154 4050 402 4138 Horrendum
415 4055 538 4157 dieu,
565 4057 739 4141 dederatr
767 4072 873 4138 terna
888 4082 993 4139 arma
1010 4050 1222 4152 movendae

146 4192 235 4310 Ter
251 4193 699 4320 memmium:
728 4198 793 4285 cui
808 4212 1212 4293 ‹metanennnm‘

147 4361 155 4375 ·
183 4380 186 4385 ’
223 4380 238 4392 -
1136 4331 1226 4417 Ab·
