2872 5176
263 345 362 475 158
442 317 446 325 ’
489 345 557 443 1³.·
580 345 850 441 Vinctum
892 265 1168 443 Maionia

263 553 366 633 Aera
381 556 637 656 pertenuem,
667 538 942 651 stomachoque
956 540 1072 626 infixa
1091 544 1161 629 sub
1185 545 1317 634 altum
1340 534 1347 545 ⁸

263 688 401 770 Pectus
417 682 516 763 abit:
546 678 669 763 reddit
681 676 811 790 specus
830 681 901 762 atri
913 681 1075 787 vulnetias
1089 686 1235 771 undam
1250 688 1346 803 joe

264 828 526 937 Spumutcm,
556 838 596 903 et
611 818 693 900 fixo
702 818 848 900 ferrum
861 821 901 902 in
915 822 1099 933 pulmone
1111 826 1279 941 tepescit.

264 967 376 1052 Tum
389 962 596 1070 Metopem
614 977 727 1069 atque
737 959 974 1069 Erymantha
985 990 1117 1065 manu,
1147 985 1235 1051 tum
1248 968 1347 1052 ster·

448 1095 785 1210 nitApliydnum:
1042 1127 1045 1132 ·

265 1248 377 1330 Tum
390 1241 512 1327 Bitian
524 1240 718 1326 ardentem
729 1239 860 1337 oculis,
869 1242 1077 1354 animisque
1090 1242 1347 1332 frementem

265 1390 361 1473 Non
369 1381 496 1495 jaculo
502 1421 516 1481 3
547 1382 794 1491 nequeenim
808 1382 1068 1487 jaculo-vitam
1086 1386 1150 1468 ille
1162 1387 1345 1492 deditam,

266 1525 338 1608 Sed
357 1549 543 1633 magnum
560 1520 715 1605 stridens
725 1538 895 1602 contorta
906 1520 1095 1633 phalarica
1112 1528 1227 1630 venit,
1248 1556 1342 1645 705

264 1661 455 1751 Fulminis
472 1664 555 1743 aaa
568 1660 685 1743 modo
692 1700 705 1759 3
739 1688 856 1770 quam
872 1689 942 1742 nec
960 1663 1037 1743 duo
1054 1681 1180 1748 taurea
1191 1684 1312 1778 terga,

265 1806 357 1890 Nec
368 1802 512 1913 duplici
527 1801 680 1910 squama
698 1800 813 1882 lorica
829 1800 949 1882 fidelis
962 1821 1001 1882 et
1017 1828 1110 1886 auno

267 1945 472 2027 Sustinuit:
502 1941 663 2050 collapsa
679 1958 796 2023 ruunt
813 1941 997 2023 itomania
1015 1944 1200 2031 membra.

266 2086 347 2169 Dat
357 2083 466 2173 tellus
477 2081 911 2192 gemitum,etclypeum
923 2080 1031 2194 super
1041 2086 1185 2170 intonat
1194 2090 1354 2202 ingene„

266 2228 401 2338 Qalia
419 2228 459 2313 in
478 2226 652 2309 Euboico
665 2225 842 2307 Baium
854 2225 962 2307 litore
983 2224 1180 2338 quondam
1248 2264 1344 2353 7¹⁰

268 2373 385 2457 saxea
402 2368 600 2480 pilacadit‚
633 2367 782 2477 magnis
800 2394 919 2476 quam
936 2367 1101 2452 molibus
1117 2389 1205 2456 ante

268 2508 532 2593 constmeum
542 2508 687 2617 jaciunt
701 2525 818 2619 ponto
827 2547 840 2605 3
869 2507 920 2588 fic
937 2507 1001 2590 illa
1018 2512 1171 2594 ruinatn

267 2650 391 2732 Prona
405 2646 530 2746 trahit,
561 2648 780 2758 penitusque
794 2649 896 2728 vadis
913 2648 1007 2730 illisa
1018 2644 1225 2738 recumbit,

266 2793 432 2875 Miscent
446 2792 483 2874 se
500 2792 631 2892 maria,
659 2810 697 2872 et
709 2793 834 2901 nigrae
845 2792 1064 2875 attolluntur
1075 2816 1218 2878 arenae.

267 2940 377 3021 Tum
390 2939 512 3020 sonitu
526 2934 716 3044 Prochyta
731 2936 805 3016 alta
822 2938 961 3034 tremit,
982 2938 1197 3047 durumque
1214 2939 1343 3024 cubile

267 3079 444 3174 Inarime,
474 3075 578 3181 Jovis
595 3074 761 3186 imperiis
775 3074 936 3184 imposta
956 3075 1160 3186 Typhoeo.
1247 3086 1341 3194 7¹⁶

267 3221 347 3302 Hic
365 3219 472 3300 Mars
488 3216 717 3327 armipotens
733 3218 907 3298 animum
925 3219 1091 3329 viresque
1105 3220 1249 3332 Latinis

267 3359 441 3454 Addidit,
471 3374 510 3437 et
525 3357 697 3438 stimulos
713 3382 815 3438 acres
829 3358 896 3438 sub
914 3362 1066 3468 pectore
1083 3361 1215 3445 vertit:

267 3499 506 3609 Immifitque
524 3496 658 3608 fugam
675 3501 848 3598 Teucris,
879 3519 1080 3611 atrumque
1098 3505 1292 3590 timorem.

266 3643 448 3751 Undique
462 3642 708 3741 conveniunt,
741 3644 924 3753 quoniam
942 3646 1026 3726 data
1046 3646 1156 3757 copia
1175 3674 1343 3758 pugnae,

266 3783 504 3894 Bellatorque
523 3771 651 3863 animo
671 3784 763 3865 deus
780 3784 924 3866 incidit.
1247 3807 1341 3901 722

264 3926 467 4025 Pandarus,
496 3942 540 4005 ut
552 3923 633 4006 fuso
647 3916 869 4034 germanum
889 3954 1043 4036 corpore
1055 3926 1187 4024 cernit,

265 4064 318 4143 Et
338 4092 416 4172 quo
433 4064 477 4147 fit
488 4064 636 4146 fortuna
649 4065 747 4170 loco,
779 4069 845 4178 qui
857 4069 959 4150 casus
979 4083 1063 4178 agat
1081 4094 1153 4168 res,

266 4204 420 4288 Portam
433 4206 470 4289 vi
487 4205 608 4291 multa
623 4207 799 4294 converso
816 4210 965 4294 cardine
983 4226 1145 4325 torquet,

1162 4344 1347 4438 Obnixut
