2872 5176
395 357 737 465 Asnnroos
766 352 880 451 Lm.
903 355 986 452 tx.
1121 391 1217 492 153

145 557 307 643 Martius
322 555 506 641 astabulis
519 554 641 668 rapuit
657 556 782 667 lupus.
814 557 982 669 undique
999 558 1145 647 clamor

145 699 323 783 Tollitur.
354 698 548 801 invadunt,
580 714 618 778 et
635 695 743 778 fossas
760 724 894 807 aggere
911 701 1118 814 complent.

144 839 330 948 Ardentes
340 839 464 921 taedas
482 836 546 920 alii
560 838 609 919 ad
625 836 770 948 fastigia
789 839 942 945 jatlant.

145 980 321 1081 Ilioneus,
353 980 440 1060 saxo
456 996 568 1090 atque
585 979 728 1087 ingenti
738 979 925 1088 fragmine
943 982 1097 1084 montis,

146 1121 363 1218 Lucetium,
394 1138 521 1230 portae
531 1120 753 1202 subeuntem
763 1119 939 1230 ignesque
949 1121 1133 1205 ferentem
1139 1162 1153 1222 3

145 1262 376 1345 Emathiona
387 1262 513 1372 Liger,
532 1261 800 1343 -Chorinaeum
812 1260 939 1344 sternit
953 1262 1106 1373 Asylas3
1129 1293 1213 1382 57¹

147 1403 227 1483 Hic
239 1402 367 1512 jaculo
384 1403 521 1502 bonus,
551 1399 615 1485 hic
629 1401 740 1511 longe
751 1402 902 1487 fallente
920 1404 1061 1515 sagitta.

148 1545 353 1652 Ortygium
364 1545 547 1641 Caeneus,
564 1543 746 1623 vietorem
760 1546 909 1626 Caenea
928 1546 1083 1629 Turnus
1091 1588 1105 1646 t

148 1682 306 1763 Turnus
326 1683 427 1788 Ityn,
458 1681 732 1789 Cloniumque,
762 1683 1015 1793 Dioxippum,
1054 1686 1222 1769 Promuss'

334 1821 507 1932 nmque,
1131 1853 1222 1940 574

150 1964 203 2045 Et
214 1963 394 2072 Sagarim,
413 1981 451 2044 et
470 1961 628 2045 summis
642 1961 800 2043 stantem
813 1989 884 2073 pto
894 1963 1056 2046 turribus
1073 1963 1190 2065 Idan,

149 2106 372 2186 Privernum
385 2108 524 2215 Capys.
538 2102 641 2186 hunc
654 2105 779 2214 primo
792 2105 881 2185 levis
889 2104 993 2187 hasta
1001 2104 1222 2188 Themillae

152 2245 374 2343 Strinxerat;
405 2245 469 2325 ille
486 2273 658 2341 manum,
678 2245 842 2353 projecto
860 2246 1040 2353 tegmine,
1065 2246 1223 2329 dement

150 2387 217 2468 Ad
236 2388 372 2467 vulnus
390 2386 493 2470 tulit:
525 2414 616 2495 ergo
633 2387 699 2467 alis
717 2384 852 2495 allapsa
866 2384 1005 2495 sagitta,

150 2529 204 2609 Et
219 2527 324 2610 laevo
335 2528 447 2611 affixa
459 2529 513 2610 est
526 2527 630 2610 lateri
647 2555 794 2624 manua,
825 2526 1026 2640 abditaque
1041 2529 1141 2612 intua

152 2667 384 2776 Spiramenta
395 2667 542 2749 animae
556 2667 683 2748 lethali
695 2666 844 2749 volnere
855 2669 1010 2779 rumpit.
1133 2667 1222 2781 580

153 2806 279 2911 Stabat
296 2807 336 2888 in
354 2810 511 2917 egregiis
525 2808 697 2891 Arcentis
709 2808 806 2889 filius
820 2810 954 2905 armis;

152 2945 280 3031 Pinus
293 2977 365 3030 acu
374 2947 630 3057 chlamydem,
658 2966 695 3028 et
706 2948 895 3057 ferrugine
907 2948 1028 3034 clarus
1041 2948 1162 3048 lbera,
1224 3030 1228 3037 .

151 3086 309 3196 Infignis
325 3089 439 3172 facie:
482 3090 625 3200 genitor
642 3117 760 3198 quem
777 3089 926 3175 miserat
939 3092 1095 3190 Arcens,

152 3228 347 3311 Eduetum
365 3228 501 3311 Martis
520 3230 620 3332 luco,
655 3227 869 3338 Symaethia
889 3229 1034 3311 circum

153 3369 343 3469 Flumina,
377 3371 527 3481 pinguis
546 3371 610 3453 ubi
629 3388 665 3450 et
679 3369 867 3479 placabilis
885 3397 948 3451 ara
964 3368 1093 3453 Palici.
1111 3416 1125 3433 e·
1137 3368 1190 3482 58
1198 3395 1224 3484 ς

154 3509 380 3589 Stridentem
400 3509 574 3608 fundam,
607 3508 732 3620 pofitis
744 3507 962 3590 Mezentius
982 3509 1109 3607 armis,
1288 3533 1295 3554 ·

156 3646 239 3756 Ipse
258 3665 312 3728 ter
326 3649 487 3729 adducta
504 3651 650 3732 circum
666 3667 780 3759 caput
791 3648 866 3758 egit
880 3646 1027 3730 habena
1041 3689 1055 3745 ς

155 3789 207 3872 Et
221 3791 346 3871 media
358 3791 497 3872 adverfi
514 3790 715 3900 liquefacto
732 3809 903 3902 tempora
918 3789 1080 3900 plumbo

156 3927 321 4029 Diffidit,
352 3957 396 4009 ac
414 3930 533 4011 multa
550 3934 766 4040 porrectum
779 3930 947 4012 extendit
959 3957 1081 4010 arena.

159 4064 271 4150 Tum
284 4069 453 4178 primum
466 4069 567 4151 bello
580 4069 741 4153 celerem
753 4067 946 4151 intendiffe
958 4069 1129 4178 sagittam
1140 4094 1228 4180 590

159 4206 324 4319 Dicitur,
357 4209 549 4329 anteferas
565 4212 691 4301 solitus
709 4230 841 4300 terrere
858 4211 1023 4326 fugaces,
1142 4325 1147 4334 Ι
1222 4330 1230 4341 Ι

1027 4345 1229 4449 Asca'nlus3
