2872 5176
310 366 966 464 AeuarrioeLru.V111.
1062 400 1159 493 109

98 572 253 675 Pocula,
284 571 549 682 gramineoque
560 569 660 648 viros
670 566 769 649 locat
786 567 862 679 ipse
878 570 1010 657 sedili:

98 713 423 822 Praecipmunque
439 729 521 790 toro
538 726 576 789 et
594 706 712 787 villofi
730 707 829 817 pelle
844 710 963 793 leonis

97 834 250 963 Accipit
262 856 435 949 Aenean,
459 850 625 958 solioque
635 849 765 929 invitat
777 855 925 938 acerno,

97 998 208 1077 Tum
225 994 313 1074 lecti
319 999 471 1103 juvenes
478 992 650 1074 certatim
664 1019 820 1101 araeque
838 992 1004 1079 sacerdos

97 1135 247 1215 Viscera
267 1132 362 1214 tosta
378 1131 502 1214 serunt
519 1151 725 1229 taurorum,
744 1151 973 1244 onerantque
998 1135 1164 1220 canistris

99 1278 212 1358 Dona
220 1274 401 1356 laboratae
410 1274 565 1373 Cereris,
575 1271 844 1393 Bacchumque
852 1276 1157 1363 ministranti&

99 1415 270 1496 Vescitur
291 1416 450 1510 Aeneae,
470 1412 579 1493 fimul
591 1429 630 1492 et
643 1413 807 1519 Trojana
813 1414 1001 1521 juventus,

100 1556 275 1665 Perpetui
289 1571 393 1659 tergo
409 1554 526 1651 bovis,
562 1570 601 1633 et
618 1551 827 1635 lustralibus
843 1557 953 1643 extis.

160 1695 366 1804 Postquam
383 1711 532 1776 exemta
549 1691 679 1792 fames,
706 1712 744 1775 et
756 1722 862 1778 aanor
876 1698 1106 1810 compressus
1121 1726 1164 1780 e-

283 1835 410 1935 dendi,

99 1978 187 2058 Rex
204 1970 399 2058 Evandrus
411 1977 481 2059 ait:
512 2004 589 2058 non
605 1973 873 2058 haecsolennia
886 1978 1007 2083 nobis,
1078 1960 1161 2090 183

100 2119 182 2199 Has
195 2145 243 2199 ex
264 2146 370 2199 more
391 2119 516 2229 dapes,
550 2117 647 2197 hanc
666 2118 757 2197 tanti
775 2118 941 2199 numinis
958 2148 1074 2218 aram,

100 2259 208 2338 Vana
226 2258 431 2367 superstitio
452 2276 694 2367 veterumque
707 2259 834 2366 ignara
853 2257 1025 2358 deorum,

15 2444 19 2454 ·
98 2395 299 2505 imposuit:
332 2394 455 2495 saevis,
486 2393 618 2505 hospes
631 2396 807 2502 Trojane,
837 2396 984 2504 periclis
1067 2492 1071 2511 Ι

100 2536 239 2615 Servati
256 2536 428 2634 facimus,
460 2536 682 2646 meritosque
695 2563 878 2617 novamus
899 2535 1071 2624 honores,

99 2680 189 2786 Jam
207 2679 376 2788 primurn
388 2678 481 2759 saxis
499 2677 708 2787 suspensam
719 2677 818 2760 hanc
839 2679 958 2789 aspice
971 2709 1125 2791 rupem:
1213 2684 1216 2695 ’

100 2819 283 2927 Disjoctae
295 2818 426 2929 procul
438 2836 481 2898 ut
499 2816 630 2916 moles,
661 2816 872 2925 desertaque
884 2821 1023 2900 montis
1077 2850 1155 2932 19¹

102 2960 180 3039 Stat
199 2960 349 3093 domus,
383 2975 421 3038 et
437 2957 580 3068 scopuli
600 2959 791 3067 ingentem
808 2977 952 3041 traxere
972 2947 1131 3041 ruinam.

98 3098 177 3179 Hic
197 3099 371 3211 spelunca
387 3098 460 3180 suit
480 3099 581 3181 vasto
592 3097 764 3182 submota
779 3099 929 3200 recessu,
976 3198 977 3202 Ν

99 3239 367 3320 Semihominis
387 3240 491 3343 Caci,
525 3240 638 3321 facies
655 3267 773 3350 quam
789 3240 1028 3325 diratenebat
1085 3246 1088 3251 ’

101 3380 195 3461 Solis
209 3381 429 3463 inaccessam
442 3382 552 3464 radiis
564 3421 582 3481 ς
608 3383 827 3493 semperque
843 3385 983 3467 recenti
1079 3411 1131 3495 ¹9
1138 3413 1162 3496 ς

99 3522 225 3603 Caede
244 3523 393 3633 tepebat
409 3523 572 3623 humus;
604 3524 820 3636 foribusque
841 3527 954 3609 affixa
971 3526 1136 3639 superbis

100 3664 178 3742 Ora
191 3664 314 3743 virum
329 3663 421 3745 tristi
434 3664 646 3775 perdebant
659 3663 799 3774 pallida
813 3668 914 3753 tab0.¹

101 3803 207 3883 Huic
226 3794 393 3886 monstro
406 3805 597 3887 Volcanus
614 3821 692 3886 erat
708 3824 830 3917 pater:
862 3807 960 3889 illius
976 3825 1073 3890 atros

102 3944 179 4022 Ore
193 3972 348 4025 vomens
362 3946 465 4052 ignes
477 3972 615 4055 magna
632 3944 781 4028 semole
801 3946 953 4029 serebat.
1094 4042 1097 4047 .

101 4081 240 4160 Attulit
260 4099 297 4160 et
314 4082 421 4161 nobis
435 4083 636 4192 aliquando
655 4085 867 4194 optantibus
890 4104 987 4169 aetas
1081 4112 1166 4173 200

100 4221 302 4305 Auxilium
320 4222 596 4331 adventumque
608 4224 689 4311 dei:
721 4254 812 4308 nam
827 4228 1016 4310 maximus
1028 4225 1138 4323 ultor,

1070 4367 1170 4447 Ter-
