2872 5176
292 352 395 447 '204
487 310 548 421 ⁵1³.
583 321 848 418 Vracran
881 319 1169 435 Μιιοιιιι

289 525 503 625 unauna,-
517 521 916 607 meminerunt
931 522 1163 609 etammbus
1178 498 1347 641 μιιῳι·

289 668 347 751 At
364 660 444 749 nou
461 664 682 747 Evandrum
692 662 789 775 potis
805 661 861 742 est
874 660 1019 744 visulla
1034 682 1190 765 teum,

151 904 154 909 ,
291 802 365 887 Sed
382 802 483 885 venit
498 800 706 884 inmedios.
738 798 874 882 feretro
885 796 1051 881 Pallanta
1071 800 1243 913 reposto-

290 941 512 1027 Prommbit
531 940 650 1052 super,
697 956 809 1051 atque
835 935 962 1020 haeret
986 936 1376 1067 lacrymansqrrege-

476 1078 670 1189 mensque,
709 1128 714 1138 ·
1268 1107 1375 1195 1150

290 1218 345 1301 Et
363 1213 423 1298 via
438 1214 503 1299 vix
520 1217 673 1298 tandem
690 1215 774 1298 voci
791 1215 911 1296 laxata
927 1211 1057 1297 dolote
1074 1212 1156 1300 est:
1240 1258 1252 1333 .-

291 1352 506 1456 Nonbaec,
535 1383 559 1436 0
577 1354 693 1455 Palla,
724 1340 1067 1465 dederas'promissa
1082 1354 1250 1465 parenti,
1372 1342 1375 1347 ’

293 1493 450 1579 cautius
469 1511 513 1577 ut
522 1494 628 1578 saevo
646 1492 758 1577 velles
774 1512 812 1576 te
832 1493 980 1575 medere
995 1492 1125 1609 Marti.

294 1634 441 1719 Haud
429 1662 578 1747 ignarus
596 1624 700 1716 eram
701 1651 950 1747 ,quantum
929 1658 1026 1714 nova
1042 1630 1192 1753 gloria
1179 1662 1227 1751 ιιι
1240 1636 1380 1755 armis,

264 1872 268 1877 .
294 1774 348 1861 Et
357 1768 555 1889 praedulce
572 1774 685 1856 decus
702 1770 1055 1885 primocertamine,
1085 1770 1242 1889 puffet.
1284 1768 1378 1891 '155'

293 1914 514 2000 Primitiae
499 1915 645 2024 juvenis
662 1913 828 2013 miserae,
857 1909 1021 2021 bellique
1040 1912 1251 2027 prupinqui

296 2052 406 2135 Dura
418 2052 642 2157 rudimenta,
676 2069 715 2134 et
726 2050 822 2135 nullu
832 2049 1005 2135 exaudita
1019 2050 1180 2135 deorum
1246 2054 1252 2061 “

123 2300 126 2305 .
294 2180 410 2293 Vota,
422 2190 620 2305 precesque
631 2194 758 2277 meae!
790 2209 920 2302 tuque,
938 2168 1378 2317 osandliffima'conjux,

295 2330 406 2415 Felix
423 2350 544 2415 morte
560 2350 635 2432 tua,
667 2360 799 2443 neque
807 2333 845 2414 in
863 2328 967 2413 hunc
985 2306 1121 2415 servata
1135 2330 1343 2459 dolorem!

297 2474 439 2555 Contra
451 2500 524 2583 ego
538 2475 743 2559 vivendo
709 2502 782 2557 v1c1
796 2502 881 2556 mea
900 2470 988 2571 fata,
1019 2470 1200 2599 superliee
1281 2478 1375 2563 ιόο

297 2602 494 2694 Restarer'u
514 2629 557 2693 ut
572 2614 728 2724 genitor.
759 2614 910 2695 Troum
922 2612 1019 2693 socia
1036 2640 1139 2696 arma
1153 2584 1337 2697 secubim

300 2750 512 2834 obruerent
526 2754 660 2834 Rutuli
672 2753 776 2835 telis.
807 2754 975 2834 animam
995 2753 1070 2863 ipse
1087 2748 1290 2855 dediffem,

299 2894 429 3002 Atque
442 2888 536 2973 hacc
553 2921 695 3006 pompa
712 2894 875 2977 domum
892 2921 968 2991 me,
999 2921 1076 2975 non
1092 2889 1276 2993 Pallanta,
1310 2920 1377 2979 re-

482 3031 605 3118 ferret.

298 3157 385 3237 Nec
403 3183 468 3236 vos
487 3159 685 3266 arguerim,
717 3158 873 3257 Teucri,
904 3186 974 3239 nec
990 3155 1151 3258 foedera,
1168 3184 1253 3257 nec,
1272 3184 1376 3267 quae

299 3298 505 3401 Junximus
522 3297 695 3409 hospitio,
712 3301 882 3382 dextras:
912 3302 986 3382 sors
1002 3301 1068 3381 ista
1080 3301 1245 3384 senectae
1281 3298 1372 3417 1'65

299 3434 437 3514 Debita
448 3451 524 3513 erat
537 3436 692 3517 nostrae.
723 3439 826 3545 quod
845 3438 872 3517 fi
892 3437 1093 3519 immatur'a
1109 3436 1287 3521 manebat

297 3572 408 3656 Mors
422 3591 577 3672 natum,
609 3575 717 3657 caefis
730 3577 955 3659 Volscorum
969 3576 1135 3664 millibus
1146 3599 1245 3680 ante,
1289 3556 1303 3587 ²
1321 3610 1324 3615 ·

297 3715 515 3795 Ducentem
532 3714 572 3793 in
587 3717 740 3797 Latium
751 3718 919 3799 Teucros
937 3718 1102 3800 cecidissi:
1113 3718 1272 3829 juvabit.
1303 3773 1305 3777 -

297 3854 402 3957 Qin
415 3882 486 3964 ego
500 3883 578 3936 non
591 3855 663 3937 alio
676 3856 805 3967 digner
819 3876 855 3940 te
870 3838 1013 3958 funere,
1032 3860 1148 3962 Palla,

261 3975 265 3983 ¹
296 3992 427 4109 Qum
443 3995 527 4105 pius
545 3999 704 4098 Aeneas,
745 4017 783 4081 et
807 4027 924 4111 quam
953 4001 1082 4115 magni
1105 3999 1292 4115 Phryges,
1331 4024 1376 4089 et

479 4160 596 4245 quam
