2872 5176
264 383 306 436 ν’
340 340 675 459 A-asiroos.
719 356 847 458 Lrs.
883 338 966 459 Vl.
1111 336 1176 467 δί

98 571 209 680 Qae
226 561 333 676 regio
350 562 555 661 Anchisen,
571 566 655 675 quis
666 558 782 649 lrabet
796 563 928 649 locus?
946 564 1045 652 illius
1061 544 1173 678 ergo³
1196 632 1200 643 .

100 707 302 806 Venimus,
317 721 356 785 et
373 733 531 816 magnos
542 704 656 787 Erebi
673 704 900 790 tranavimus
916 733 1057 795 munes.
1090 694 1175 828 671Ι

103 852 233 960 Atque
246 844 339 927 huic
354 845 571 957 responsum
585 846 713 956 paucis
729 845 779 926 ita
797 846 958 932 reddidit
979 847 1111 949 heres:

100 984 214 1078 Nulli
230 1006 332 1073 certa
350 989 512 1072 domus:
541 988 635 1071 lucis
652 986 867 1107 lnbitamus
879 993 1018 1104 opacis,
1134 1012 1141 1019 '
1170 1010 1175 1021 '

102 1137 366 1248 Rip'ammque
380 1152 492 1235 toros,
509 1151 547 1217 et
564 1151 668 1245 prata
685 1135 847 1217 recentia
858 1136 958 1235 rivis,
1171 1106 1174 1113 Ι

102 1272 335 1357 Incolimus:
364 1271 427 1355 sed
444 1301 523 1374 vos,
539 1273 566 1354 fi
585 1270 659 1361 fert
673 1248 727 1358 ita
737 1272 851 1355 corde
862 1266 1046 1377 voluntas,
1090 1268 1146 1398 67
1150 1296 1178 1396 ς

106 1414 379 1526 Hoc·superate
391 1416 544 1526 jugum,
565 1433 604 1496 et
621 1414 723 1497 sacili
736 1415 820 1524 jam
832 1417 982 1501 tramite
996 1417 1133 1508 sistam.
1179 1422 1183 1431 ’
1339 1385 1344 1403 ⁸

111 1558 238 1658 Dixit,
256 1572 294 1638 et
306 1574 392 1637 ante
409 1557 496 1639 tulit
507 1553 684 1667 gressum,
702 1556 930 1669 camposque
944 1559 1101 1645 nitentes

105 1696 277 1809 Desuper
302 1694 487 1781 ostentat:
536 1691 676 1778 dehinc
704 1692 854 1778 summa
885 1701 1082 1784 cacumina
1111 1702 1185 1787 linss

321 1858 458 1952 quunt.

168 1983 225 2063 At
236 1998 339 2095 pater
357 1961 539 2064 Anchises
552 1979 700 2092 penitus
713 1978 882 2063 convalle
891 1982 1027 2067 virenti
1174 2002 1179 2011 '

108 2108 271 2208 Inclusas
287 2123 445 2222 animas,
463 2125 717 2232 superumque
734 2123 784 2202 ad
801 2120 933 2203 lumen
951 2126 1076 2227 ituras,
1097 2126 1187 2215 680Ι

109 2262 311 2350 Lustrabat
327 2262 452 2345 studio
469 2262 649 2359 recolens,
664 2288 899 2371 omnemque
915 2238 1069 2345 suorum

105 2406 222 2493 Forte
239 2401 455 2486 recensebat
475 2430 695 2505 numerum,
717 2399 921 2512 charosque
937 2422 1104 2515 nepotes,

110 2548 293 2657 Fataque,
311 2545 553 2657 fortunasque
566 2545 702 2642 virum,
717 2542 925 2656 moresque,
948 2546 1167 2660 manusque.

112 2689 220 2799 Isque
238 2687 306 2770 ubi
326 2689 547 2772 tendentem
565 2686 761 2768 adversum
779 2714 847 2796 per
865 2689 1034 2794 gramina
1051 2690 1144 2770 vidit

113 2832 283 2930 Aenean,
311 2827 440 2909 alacris
454 2827 597 2939 palmas
614 2826 786 2934 utrasque
803 2827 974 2925 tetendit,
1019 2852 1025 2861 ·
1100 2832 1154 2912 68
1162 2858 1187 2943 ς

114 2970 341 3082 Effirsaeque
358 2970 462 3081 genis
479 2968 679 3078 lacrymae,
700 2983 738 3046 et
754 2992 829 3045 vox
852 2965 991 3048 excidit
1019 2997 1108 3053 ore:

115 3114 261 3196 Venisti
277 3113 447 3213 tandem,
464 3129 604 3221 tuaque
620 3109 813 3219 expedlata
826 3110 969 3217 parenti

116 3252 221 3336 Vicit
236 3255 304 3335 iter
316 3254 457 3335 durum
474 3253 588 3363 pietas
607 3255 622 3333 ἓ
647 3248 755 3331 datur
773 3276 837 3328 ora
853 3250 962 3350 tueri,

116 3398 233 3499 Nate,
247 3416 323 3498 tua,
342 3414 381 3478 et
398 3413 503 3479 notas
523 3393 651 3475 audire
667 3408 706 3474 et
724 3390 878 3474 reddere
897 3397 1032 3475 voces?

119 3536 181 3618 Sic
198 3535 378 3647 equidem
391 3535 577 3616 ducebam
584 3532 713 3614 animo
725 3531 906 3644 rebarque
917 3530 1193 3647 futurum,69o

119 3674 315 3789 Tempora
335 3677 595 3759 dinumerans:
627 3700 698 3756 nec
712 3701 776 3755 me
793 3699 880 3753 mea
897 3701 986 3753 cura
1004 3670 1149 3756 fefellit.
1201 3674 1204 3698 ²

113 3821 225 3920 Quas
241 3848 313 3931 ego
332 3837 370 3902 te
382 3838 494 3901 terras
513 3838 551 3901 et
568 3835 707 3930 quanta
720 3843 957 3928 persequora
972 3816 1127 3933 vedturn
1170 3836 1173 3841 ·

120 3959 282 4068 Accipio
298 3964 307 4044 l
341 3962 489 4072 quantis
503 3964 702 4072 jaetatum,
723 3977 821 4058 nate,
835 3957 982 4070 periclis
997 3958 1008 4039 l

119 4100 253 4205 Qam
268 4103 400 4201 metui,
422 4130 471 4184 ne
489 4102 581 4211 quid
596 4100 738 4210 Libyae
752 4099 821 4180 tibi
839 4127 952 4209 regna
970 4114 1148 4180 nocerent
1164 4102 1175 4180 l

123 4240 192 4328 Ille
216 4252 366 4331 autema
393 4262 457 4328 tua
477 4272 555 4344 me,
572 4242 728 4355 genitor,
742 4256 806 4325 tua
819 4240 929 4324 tristis
940 4242 1068 4352 imago
1106 4244 1164 4347 69
1171 4252 1195 4349 ’ς

1050 4376 1203 4491 Saepius
