2872 5176
184 363 279 454 242
386 334 434 429 P.
467 335 732 430 Vnoiurt
765 335 1060 435 Minoum

177 524 416 645 Latonieque
433 562 551 645 genus
566 534 721 647 duplex,
759 537 980 648 Janumqne
997 536 1229 641 bisromem,

179 678 350 787 Vimque
359 678 475 761 deum
486 679 683 775 infernum,
695 696 734 759 et
747 680 831 761 duri
847 678 1006 764 florario
1018 682 1152 767 Ditis:
1174 710 1250 796 199

179 818 324 901 Atrdiat
337 817 430 900 hoec
447 820 603 929 genitor,
633 819 700 929 qui
720 816 869 901 foedera
885 819 1061 905 fulmine
1072 822 1214 908 uncie

180 960 319 1071 Tango
336 988 437 1058 uos,
469 959 685 1067 mediosque
700 959 808 1068 ignee
823 961 1037 1044 etnumina
1053 960 1197 1048 testor:

178 1096 301 1185 Nullo
316 1099 396 1179 dies
411 1126 546 1208 pacem
564 1095 663 1178 hunc
676 1096 777 1177 lmlis
792 1124 863 1179 nec
879 1096 1035 1183 foedera
1047 1116 1223 1213 rumpet,

180 1246 273 1351 Qo
296 1272 354 1325 res
369 1228 683 1351 ermquecadent:
714 1266 785 1321 nec
808 1268 872 1322 me
888 1242 944 1322 vis
963 1242 1046 1327 olle
1058 1242 1249 1329 volentm

179 1388 361 1482 Amet,
392 1412 483 1480 non,
515 1383 544 1463 s1
558 1382 730 1464 tellurem
747 1380 916 1465 effundat
933 1383 974 1465 in
989 1388 1116 1470 undae

178 1522 338 1605 Diluvio
357 1522 765 1632 misoeos,=coelumque
776 1522 816 1603 in
834 1525 990 1607 Tarm
1007 1524 1154 1617 solvat:
1167 1552 1248 1637 ²⁰5
1306 1592 1308 1603 .

178 1665 239 1777 lJt
255 1663 443 1775 sceptrum
460 1662 551 1766 hoc,
576 1663 705 1745 dextra
723 1664 910 1773 sceptrum
921 1691 1014 1745 nom
1026 1664 1133 1749 forte
1150 1691 1251 1777 gere·

360 1804 438 1908 bat,

178 1940 394 2054 Nunquam
405 1941 538 2023 fronde
549 1938 621 2023 levi
632 1939 1071 2055 frmdetvirgultaneque
1083 1944 1252 2042 umbus

104 2052 108 2063 '
174 2084 281 2166 cum
294 2082 407 2165 remi
424 2084 464 2169 n
481 2081 1029 2194 misimodeltirpereetfm

177 2228 307 2309 Matre
317 2245 430 2325 caret,
462 2223 659 2337 posuitque
676 2252 805 2306 comos
829 2243 867 2306 et
882 2224 1188 2327 brachiaferroe,

177 2370 288 2451 Olim
304 2370 425 2466 arboe,
455 2395 557 2451 nunc
570 2366 717 2448 artificis
730 2394 864 2449 rmous
884 2394 970 2448 aere
983 2368 1135 2455 decoro
1166 2398 1252 2459 aro

175 2508 341 2608 inclusit,
372 2506 607 2619 patribusque
621 2507 724 2588 dedit
736 2507 875 2616 geslore
888 2507 1046 2595 Latinis.

175 2648 335 2730 Talium
348 2648 442 2730 inter
460 2647 706 2729 &firmabant
721 2648 871 2730 foedera
887 2649 1009 2749 dictis,

175 2790 387 2900 Conspectu
404 2790 443 2869 in
462 2787 589 2870 medio
604 2816 814 2899 procerum.
846 2809 931 2870 tum
941 2791 1009 2872 rite
1030 2792 1193 2877 sacratas

177 2935 224 3015 ln
241 2928 616 3041 flammamjugulant
632 2929 805 3040 pecudes,
836 2946 874 3011 et
888 2931 1022 3012 viscera
1036 2934 1135 3016 vivis

176 3072 365 3181 Eripiunt,
396 3069 665 3180 cumulantque
678 3071 835 3151 oneratis
848 3070 1014 3152 lancibus
1024 3101 1122 3158 aras.
1161 3105 1211 3161 τι
1222 3105 1250 3193 5

235 3215 291 3292 At
304 3238 392 3291 vero
409 3210 560 3291 Rutulis
579 3211 702 3319 impar
720 3237 763 3290 ea
781 3237 908 3322 pugna
920 3210 1035 3292 videri

176 3350 425 3457 Jamdudum,
454 3368 492 3429 et
504 3350 605 3429 vario
623 3349 767 3429 misceri
786 3352 936 3460 pectora
946 3369 1075 3435 motu:

176 3492 287 3571 Tmn
298 3490 430 3599 magis,
460 3508 503 3569 ut
516 3490 667 3599 propius
680 3510 837 3572 cernunt
856 3518 932 3573 non
943 3492 1089 3574 viribus
1104 3496 1249 3604 aequis.

172 3632 351 3740 Adjuvat‚
383 3627 521 3711 ineeffo
534 3630 646 3710 tacito
662 3630 879 3740 progressus,
910 3648 947 3712 et
964 3660 1070 3713 amm

174 3770 396 3880 Suppliciter
412 3795 587 3850 venerans
604 3768 759 3850 demiffo
771 3768 926 3869 lumine,
947 3772 1116 3871 Turnus,
1155 3796 1250 3857 m

173 3910 433 4019 Tabentesque
450 3936 579 4018 genae,
608 3929 646 3989 et
656 3910 821 4018 juvenali
835 3911 875 3991 in
890 3937 1045 4023 corpore
1058 3910 1199 4022 pallor.

170 4051 302 4158 Qem
320 4049 432 4129 fimul
459 4075 502 4128 ac
520 4049 680 4154 Jutuma
698 4050 799 4130 soror
817 4050 1043 4133 crebrescere
1066 4050 1165 4133 vidit
1190 4118 1193 4123 .

171 4189 405 4288 Sermonem,
435 4204 473 4268 et
485 4184 588 4296 vulgi
600 4188 739 4272 variare
755 4186 915 4274 labantia
932 4189 1069 4275 corda:

1183 4333 1252 4415 ln
