2872 5176
393 288 907 464 Asuurbos'Lss.
943 372 1048 473 vn.
1171 404 1269 509 99'

173 577 349 685 Spargere
367 572 435 681 qui
452 571 602 653 somnos
613 589 799 679 cantuque
817 599 1010 686 manuque
1025 578 1177 680 solebat,

169 713 443 821 Mulcebatque
462 713 544 812 iras,
573 727 611 793 et
625 712 767 794 morsus
780 731 856 795 arte
869 715 1026 809 levabat.
1147 748 1174 841 7
1181 682 1236 837 gg
1370 695 1372 701 Ι

169 855 242 935 Sed
262 883 340 935 non
361 854 572 935 Dardaniae
585 854 763 937 medicari
775 856 937 967 cuspidis
955 860 1077 943 ictum
1213 946 1222 953 ,,

167 993 331 1096 Evaluit,
364 1021 486 1103 neque
500 1023 591 1076 eum
602 996 733 1104 juvere
751 996 792 1077 in
810 997 963 1081 vulnera
982 1019 1112 1084 cantus
1170 1086 1176 1097 ,

171 1132 384 1230 Somniseri,
415 1151 454 1214 et
470 1135 604 1216 Marfis
621 1135 803 1245 quacfitae
820 1136 861 1218 in
877 1141 1070 1224 montibus
1085 1140 1238 1238 herbae

168 1274 229 1354 Te
243 1298 377 1355 nemus
389 1275 577 1385 Angitiae,
611 1277 725 1361 vitrea
738 1278 1081 1389 teFucinusunda,
1190 1282 1193 1289 ’

167 1415 229 1496 Te
242 1413 374 1524 liquidi
387 1414 521 1497 flevere
541 1416 655 1499 lacus.
1145 1425 1237 1537 7691

168 1554 252 1636 Ibat
265 1573 302 1637 et
319 1554 520 1665 Hippolyti
532 1557 654 1668 proles
665 1554 916 1666 pulcherrima
928 1559 1031 1657 bello
1171 1600 1180 1613 ·

168 1693 342 1791 Virbius;
372 1693 555 1802 insignem
575 1723 692 1806 quem
709 1713 829 1797 mater
847 1700 975 1780 Aricia
985 1701 1100 1804 mitit,

168 1833 364 1915 Edudtum
374 1834 531 1942 Egeriae
545 1835 652 1935 lucis,
682 1835 882 1946 Hymettia
899 1838 1047 1931 circum

169 1977 310 2075 Litora,
342 1977 490 2086 pinguis
509 1979 575 2059 ubi
585 1996 623 2060 et
643 1958 834 2088 placabilis
850 2006 912 2061 ara
929 1980 1091 2072 Dianae.¹
1211 2074 1216 2082 ¹

167 2116 350 2225 Namque
366 2118 495 2197 serunt
511 2117 614 2201 sama
630 2117 902 2228 Hippolytum,
941 2119 1142 2230 postquam
1159 2139 1237 2217 arte

354 2282 534 2337 novercae
978 2302 983 2309 ·
1145 2265 1204 2377 76
1202 2290 1234 2376 5
1277 2230 1282 2241 Ι

171 2397 376 2494 Occiderit,
408 2397 613 2508 patriasque
628 2395 786 2508 explerit
795 2395 972 2505 ‚sanguine
986 2425 1137 2509 poenas,

170 2538 349 2619 Turbatis
370 2539 690 2649 alhatrnequia
721 2538 769 2622 ad
784 2537 899 2653 sidera
916 2540 1038 2623 rursus
1210 2630 1214 2637 ,

169 2676 349 2760 Aetheria
367 2696 405 2758 et
422 2679 568 2790 superas
584 2678 680 2761 coeli
697 2676 832 2761 venisse
849 2676 1054 2779 sabamae,
1210 2766 1213 2773 .

166 2816 336 2901 Paeoniis
349 2839 566 2901 revocatum
579 2818 704 2901 herbis
720 2836 759 2899 et
770 2846 900 2899 amore
915 2820 1075 2916 Dianae„
1201 2880 1208 2889 ·

169 2959 278 3041 Tum
290 2977 393 3069 pater
404 2961 653 3070 omnipotens,
681 2957 849 3067 aliquem
862 2956 1235 3069 indignatusabumss

350 3098 426 3181 bris
1141 3127 1231 3216 770

168 3239 374 3323 Mortalem
391 3241 544 3324 infernis
573 3242 622 3324 ad
632 3240 778 3324 lumina
793 3240 939 3350 surgere
958 3242 1068 3346 vitae,

168 3380 251 3492 lpse
263 3401 491 3494 repertorem
510 3384 719 3465 medicinae
736 3381 818 3479 talis
835 3399 873 3464 et
885 3383 971 3463 artis
1194 3454 1197 3461 .

166 3520 200 3603 F
202 3520 345 3603 uimine
356 3522 638 3633 Phoebigenam
650 3522 794 3634 Stygias
809 3519 1011 3603 detrufitin
1027 3521 1157 3607 undas.
1195 3544 1212 3615 “,

166 3663 223 3741 At
236 3664 365 3746 Trivia
381 3666 637 3776 Hippolytum
649 3661 795 3745 secretis
813 3661 915 3744 alma
927 3663 1097 3772 recondit

169 3800 337 3899 Sedibus,
355 3822 393 3884 et
405 3805 597 3916 nymphae
607 3804 763 3915 Egeriae
776 3804 997 3910 nemorique
1014 3801 1172 3911 relegata

169 3940 275 4022 Solus
289 3944 356 4041 ubi
370 3943 411 4024 in
432 3946 527 4028 filvis
543 3947 645 4029 Italis
664 3943 839 4056 ignobilis
855 3971 995 4027 aevum
1019 4020 1024 4031 .
1063 4048 1068 4059 ¹
1143 3941 1230 4057 776

167 4082 358 4191 Exigeret,
378 4088 555 4197 versoque
568 4084 636 4170 ubi
648 4088 803 4170 nomine
821 4084 975 4167 Virbius
987 4080 1087 4166 esset.

169 4223 284 4308 Unde
302 4224 418 4311 etiam
435 4228 581 4341 templo
596 4229 749 4315 Triviae
764 4225 930 4337 lucisque
943 4221 1087 4307 sacratis

732 4364 776 4447 H
811 4392 834 4449 2
1143 4354 1241 4437 Cot·
