2872 5176
266 404 367 513 174
450 377 503 476 P.
536 375 806 471 Vrncrnrr
839 375 1117 483 Meron-ra

263 579 373 669 Ultro
383 582 529 665 animos
544 579 643 663 tollit
657 579 778 680 dietis,
811 598 923 692 atque
940 581 1106 698 increpat
1122 589 1258 684 ultme

255 725 375 832 Qrod
392 725 486 807 votis
503 724 665 836 optastis,
694 722 810 824 adest,
840 724 1066 834 perfringere
1082 729 1242 821 dextrae
1294 704 1295 708 Ν

254 873 303 954 In
318 870 493 953 manibus
506 868 612 950 Mars
624 866 713 978 ipse,
732 866 813 946 viri.
841 895 944 949 nunc
956 872 1126 983 conjugit
1142 875 1226 959 esto
1245 881 1346 970 280

256 1009 427 1122 Q'sque
440 1008 525 1091 suae
538 1008 701 1118 tectique
715 1032 867 1087 memor
873 1046 887 1105 3
917 1034 1019 1091 nunc
1037 1037 1176 1123 magna
1194 1019 1346 1106 referto

255 1151 373 1234 Facta
388 1166 553 1263 patrum,
585 1147 797 1258 laudesque.
827 1146 1242 1241 ultrooccurramusad
1263 1188 1347 1247 un-

445 1292 551 1390 dam,

251 1433 364 1516 Dum
378 1431 525 1541 trepidi,
553 1428 773 1541 egressisque
783 1431 909 1514 labant
921 1433 1072 1546 vestigia
1090 1438 1232 1549 prima,
1293 1506 1299 1516 .

167 1612 175 1636 ·
253 1574 450 1656 Audentes
466 1573 615 1655 fortuna
623 1573 743 1680 juvat.

251 1715 362 1797 Haec
374 1715 439 1815 ait,
470 1731 508 1796 et
525 1714 653 1795 secum
669 1714 798 1811 versat,
827 1740 922 1822 quos
936 1712 1073 1797 ducere
1082 1738 1228 1826 contra,
1241 1729 1302 1816 28
1308 1757 1337 1846 3

252 1854 327 1940 Vel
341 1856 480 1966 quibua
492 1853 650 1936 obsessos
660 1853 771 1964 possrt
787 1853 1010 1935 concredere
1025 1884 1168 1944 muros.

313 1996 460 2076 Interea
479 1995 625 2074 Aeneas
639 1994 756 2076 socios
775 1991 823 2077 de
840 1995 1031 2105 puppibus
1050 1995 1134 2081 altio

192 2212 198 2226 ,
250 2134 434 2219 Pontibus
446 2133 613 2244 exponit.
646 2133 758 2214 multi
775 2132 914 2214 servare
934 2134 1101 2219 recursus
1251 2118 1267 2201 ·⁶

250 2273 480 2385 Languentis
499 2272 636 2385 pelagi,
670 2290 708 2354 et
722 2272 895 2354 brevibus
906 2271 944 2355 se
955 2273 1104 2359 credere
1117 2273 1211 2361 saltu
1224 2273 1257 2364 τ’
1300 2342 1305 2349 .

250 2418 324 2500 Per
337 2442 462 2497 remos
478 2415 553 2499 alii.
570 2413 787 2525 'speculatus
799 2414 906 2496 litora
917 2414 1111 2519 Tarchon,
1234 2449 1330 2534 299

250 2558 341 2667 Qa
359 2557 453 2638 vada
470 2585 546 2638 non
559 2558 709 2668 spirant,
731 2585 801 2640 nec
814 2555 931 2639 fratta
943 2580 1197 2645 remurmurat
1208 2567 1332 2674 unda,

251 2699 324 2780 sed
345 2725 450 2780 mare
462 2696 689 2779 inoffensum
702 2698 877 2779 crescenti
895 2697 1068 2782 allabitur
1085 2703 1200 2802 aestu,

248 2840 423 2922 Advertit
442 2840 563 2921 subito
581 2867 720 2952 proras,
751 2839 939 2949 sociosque
957 2860 1151 2951 precatur:

247 2983 382 3084 Nunc,
413 3012 439 3063 o
457 2984 552 3064 ledia
564 3011 711 3081 manua,
738 2982 866 3064 validis
884 2983 1092 3066 incumbite
1104 2985 1217 3068 remis
1228 3024 1242 3084 ς

249 3127 407 3225 Tollite,
438 3123 532 3209 ferte
543 3144 660 3225 rates,
691 3124 885 3207 inimicam
898 3126 1028 3209 findite
1045 3128 1169 3209 rostris
1233 3156 1291 3242 ²9
1298 3154 1325 3244 5

248 3267 362 3347 Hanc
374 3284 524 3364 terram,
555 3266 778 3376 sulcumque
792 3266 858 3346 fibi
869 3285 1015 3378 premat
1030 3269 1106 3379 ipsa
1123 3266 1261 3352 carina.

244 3405 434 3515 Frangere
452 3433 523 3487 nec
541 3406 605 3488 tali
619 3408 781 3519 puppim
800 3405 954 3489 statione
974 3410 1116 3509 recuso,

247 3549 409 3658 Arrepta
419 3545 549 3629 tellure
567 3546 695 3634 semel.
726 3574 823 3658 quae
836 3548 922 3629 talia
934 3548 1136 3660 postquam

246 3688 394 3772 Effatus
412 3689 605 3791 Tarchon,
632 3691 720 3773 socii
738 3690 958 3800 consurgere
976 3691 1101 3790 tonfis,

248 3833 543 3944 spumantesque
560 3851 653 3916 rates
674 3835 767 3915 arvis
781 3834 915 3915 inferre
931 3834 1075 3916 Latinis
1089 3842 1118 3918 τ’
1227 3839 1323 3957 3οῤ

246 3971 382 4055 Donec
399 3973 515 4057 roslra
532 3992 659 4057 tenent
679 3976 833 4075 siccum,
864 3991 903 4056 et
919 3976 1043 4057 sedere
1062 3974 1208 4058 carinae
1247 3988 1251 3999 “

247 4115 393 4196 Omner
407 4116 603 4235 innocuae.
635 4118 696 4197 sed
710 4144 787 4199 non
803 4118 938 4228 puppis
950 4135 1026 4217 tua,
1058 4117 1259 4208 Tarchon.

246 4256 430 4367 Namque
448 4256 588 4342 inflicta
606 4259 708 4342 vadis
725 4257 831 4358 dorso
846 4258 940 4343 dum
957 4257 1096 4372 pendet
1107 4257 1254 4369 iniquo,
1410 4354 1416 4365 ,

1147 4400 1323 4523 ancon
