2872 5176
461 322 779 431 Anuuruos
819 319 1052 421 Ltqu..
1160 355 1254 456 231

184 527 297 627 Sistit,
323 527 570 623 ,etAruntem
589 523 738 607 tumulo
749 521 1118 635 speculaturabalto.

182 671 238 751 Ut
250 669 344 750 vidit
357 669 556 750 laetantem
568 665 716 764 animis,
749 678 795 746 ac·
812 693 905 748 vana
924 684 1136 752 tumentem
1153 711 1167 770 ;

179 811 276 911 Cur,
308 809 445 920 iuquit,
476 807 639 896 diversus
653 805 756 889 abis?
789 807 865 889 huc
883 807 1001 916 dirige
1018 810 1205 918 gressumr
1340 918 1344 927 Ι

179 949 274 1043 Huc
292 948 452 1059 periture
463 947 576 1044 veni;
607 947 730 1056 capias
749 964 791 1027 ut
803 946 917 1055 digna
931 948 1116 1032 Camillae
1168 953 1189 1036 8
1197 955 1253 1067 56

179 1085 363 1183 Praemia.
395 1102 486 1169 tune
497 1085 613 1167 etiam
625 1082 707 1167 telis
725 1086 885 1178 moriere
896 1085 1072 1172 Dianae?

181 1228 304 1329 Dixit,
334 1246 373 1311 et
387 1246 513 1323 ¹aurata
528 1226 722 1311 volucrem
742 1226 919 1310 Threissa
935 1228 1107 1341 sagittam
1182 1227 1186 1234 ’

181 1368 400 1479 Deprqmlit
420 1367 605 1479 pharetra,
637 1395 830 1481 cornuque
844 1368 986 1452 infensa
1002 1373 1176 1477 tetendit,'

180 1513 234 1595 Et
244 1513 352 1601 duxit
363 1511 488 1620 louge,
520 1512 641 1597 donec
663 1530 813 1593 curvata
824 1513 968 1595 coirent
1165 1520 1253 1606 860

182 1648 283 1731 Inter
296 1648 338 1737 ‚se
355 1651 489 1760 capita,
528 1668 567 1731 et
583 1650 757 1732 manibus
769 1652 851 1759 jam
862 1653 1035 1762 'tangeret
1051 1657 1192 1767 aequin,

181 1787 308 1883 Laeva
323 1792 446 1877 aciem
461 1791 561 1891 ferri,
594 1792 723 1873 dextra
736 1819 926 1903 nervoque
941 1793 1134 1904 papillam.

181 1927 389 2043 Extemplo
399 1930 463 2013 teli
474 1931 671 2017 stridorem
683 1931 859 2043 aurasque
871 1932 1038 2016 sonantes

183 2070 319 2151 Audiit
332 2101 407 2155 una
420 2075 563 2175 Aruns,
594 2073 784 2185 haesitque
801 2076 840 2155 in
858 2103 1013 2187 corpore
1032 2077 1190 2165 ferrum.

148 2308 153 2317 ἡ
182 2207 301 2299 Illum
312 2212 560 2323 exspirantem
573 2214 661 2297 socii
672 2233 784 2324 atque
798 2230 964 2297 extrema
976 2235 1193 2326 gementem

181 2347 302 2430 Obliti
314 2351 443 2462 ignoto
452 2381 681 2467 camporum
697 2356 737 2437 in
751 2353 904 2464 pulvere
916 2352 1115 2467 linquunt:
1138 2401 1144 2413 ·
1163 2346 1255 2446 866

180 2491 276 2601 Opis
289 2493 337 2573 ad
350 2491 560 2583 aetherium
573 2496 705 2606 pennis
722 2493 885 2577 aufertur
896 2492 1132 2609 Olympum.

181 2633 311 2715 Prima
327 2632 438 2744 fugit,
469 2636 625 2721 domina
634 2635 774 2732 amissa,
798 2634 887 2739 levis
906 2633 965 2717 ala
982 2637 1191 2739 Camillae3

180 2772 341 2857 Turbati
367 2774 519 2884 fugiunt
536 2776 670 2861 Rutuli
681 2817 695 2877 3
726 2775 825 2884 fugit
842 2802 926 2855 acer
945 2776 1078 2865 Atinas
1089 2821 1102 2878 ς
1184 2786 1187 2795 “

180 2911 412 3023 Disjedtique
426 2914 539 2997 duces
557 2915 782 3024 desolatique
801 2912 960 3023 manipli
1164 2915 1250 3031 870

179 3054 284 3145 Tuta
304 3072 449 3167 petunt,
481 3076 519 3143 et
530 3060 636 3169 equis
653 3058 766 3140 aversr
784 3057 832 3138 ad
849 3055 1000 3138 moenia
1018 3054 1188 3143 tendunt.

178 3195 266 3277 Nec
278 3196 477 3305 quisquam
492 3198 665 3283 instantes
680 3202 849 3280 Teucros
859 3194 1083 3307 lethumque
1095 3195 1254 3282 ferentes

180 3337 388 3419 Sustentare
409 3338 506 3423 valet
525 3339 620 3441 telis,
652 3357 716 3420 aut
727 3340 847 3425 srstere
867 3357 1021 3421 contrat

180 3477 253 3557 Sed
266 3477 371 3559 laxos
391 3479 556 3567 referunt
571 3480 738 3563 humeris
753 3480 1011 3591 languentibus
1029 3474 1152 3578 arcus,

179 3617 558 3730 Qadrupedumque
571 3640 721 3735 putrem
733 3623 842 3704 cursu
858 3622 977 3732 quatit
991 3619 1131 3731 ungula
1144 3644 1252 3700 cam·

366 3787 475 3870 pun.
1051 3888 1055 3895 ¹
1119 3760 1249 3893 ‚875

177 3897 355 3993 Volvitur
371 3902 421 3988 ad
438 3932 568 3989 muros
580 3903 739 4014 caligine
752 3903 923 3985 turbidus
936 3915 1013 3984 atra
1105 3914 1111 3921 ’

178 4038 305 4159 Pulvis
315 4081 331 4147 5
359 4059 438 4129 ete
454 4045 612 4161 smerdis
621 4032 807 4160 percussae
821 4049 971 4158 pedora
990 4056 1126 4135 matres

727 4186 829 4294 Q4
1150 4171 1252 4256 Foe-
