2872 5176
384 397 704 489 Aruernos
738 388 859 523 Lrn.
890 391 974 490 Xl.
1095 426 1192 528 225

119 593 239 699 Posse,
267 626 390 709 neque
405 599 607 680 instantem
624 597 794 706 reginam
807 613 980 696 avertere,
1012 592 1156 703 cernit;
1180 598 1184 607 '

118 738 285 820 Consilio
299 739 439 821 versare
458 736 566 818 dolos
586 735 763 844 ingressus
779 753 817 817 et
834 736 929 837 astu,
1097 741 1192 855 704'

117 880 256 991 Incipit
273 879 389 963 haec:
424 880 518 989 quid
532 898 612 961 tam
631 879 838 988 egregium,
870 879 897 959 fi
915 879 1082 963 foemina
1098 881 1189 964 sorti

117 1022 221 1103 Fidis
234 1027 363 1132 equo?
392 1021 539 1102 dimitte
557 1019 702 1128 fugam,
734 1038 772 1100 et
791 1039 827 1101 te
844 1022 1018 1104 cominus
1035 1028 1158 1133 aeq'uo

116 1159 280 1242 Mecum
293 1161 403 1243 crede
415 1159 514 1255 solo,'
536 1186 760 1270 pugnaeque
775 1160 927 1269 accinge
934 1163 1119 1272 pedestri:

117 1305 208 1410 Jam
222 1304 362 1402 nosces,
391 1302 539 1385 ventosa
556 1301 649 1382 seret
665 1293 865 1409 cui'gloria
878 1303 1042 1390 laudem.
1145 1344 1149 1359 ·

117 1446 254 1529 Dixit:
285 1467 324 1528 at
340 1445 417 1546 illa,
449 1446 575 1526 surena
592 1446 741 1553 acrique
759 1446 908 1526 accensa
923 1448 1065 1548 dolore,

117 1589 254 1670 Tradit
270 1616 417 1696 equum
433 1586 578 1683 comiti,
615 1583 836 1694 paribusque
855 1587 984 1670 resistit
999 1592 1040 1673 in
1057 1592 1185 1692 armis,

116 1729 216 1809 Ense
232 1728 345 1838 pedes
361 1728 479 1830 nudo,
510 1753 678 1837 puraque
690 1725 854 1805 interrita
873 1753 1015 1835 parma.
1095 1760 1181 1849 711

118 1869 174 1949 At
181 1868 341 1977 juvenis,
371 1867 493 1948 vicisse
511 1865 600 1947 dolo
612 1881 722 1962 ratus,
754 1866 875 1946 avolat
893 1867 983 1978 ipse,

117 2005 235 2086 Haud
249 2033 368 2103 mora,
402 2004 656 2115 conversisque
668 2004 787 2113 fugax
804 2004 969 2090 aufertur
985 2006 1159 2113 habenis‚'

117 2148 489 2261 Quadrupedemque
502 2149 622 2228 citum
639 2147 771 2227 serrata
788 2145 891 2227 calce
904 2145 1046 2258 fatigat.
1120 2253 1123 2260 Ι
1141 2182 1144 2187 ·

117 2289 226 2371 Vane
240 2290 371 2399 Ligus,
402 2288 593 2397 frustaque
610 2288 745 2369 animis
759 2285 857 2397 'elate
867 2289 1043 2399 superbis,
1094 2320 1182 2408 715

117 2429 401 2539 Nequicquam'
406 2428 539 2536 patrias
550 2427 696 2508 tentasti
715 2425 878 2508 lubricus
891 2447 1005 2515 artes:
1041 2479 1044 2485 ·

116 2567 205 2648 Nec
223 2571 322 2649 fraus
341 2578 378 2647 te
398 2566 632 2649 incolumem
645 2564 769 2646 fallaci
786 2565 945 2676 perferet
959 2571 1088 2663 Auno.

116 2706 225 2787 Haec
240 2710 339 2788 fatur
351 2707 469 2815 virgo,
497 2725 536 2788 et
552 2706 764 2818 pernicibus
782 2706 891 2815 ignea
907 2708 1042 2820 plantis
1082 2754 1085 2759 ·

116 2831 266 2929 Tranfit
284 2877 429 2958 equum
448 2851 569 2945 cursu,
598 2848 783 2958 frenisque
803 2848 949 2931 adversa
968 2850 1157 2962 prehensis

116 2989 379 3098 Congreditur‚
409 2992 619 3101 poenasque
629 2991 784 3071 inimico
803 2988 1014 3099 asanguine
1030 2992 1157 3077 sumit.

114 3129 246 3226 Quam
260 3131 369 3212 facile
387 3133 562 3243 accipiter
574 3132 661 3215 saxo
679 3131 777 3214 sacer
789 3133 863 3215 ales
875 3134 924 3215 ab
943 3133 1019 3215 alto
1092 3160 1179 3247 721

113 3271 365 3381 Consequitur
379 3276 510 3383 pennis
525 3274 723 3356 sublimem
739 3273 779 3354 in
792 3273 893 3355 nube
910 3274 1143 3372 columbam,

115 3412 462 3524 Comprensamque
474 3433 588 3512 tenet,
619 3414 847 3525 pedibusque
866 3414 1039 3497 eviscerat
1055 3413 1185 3513 uncis3

115 3553 226 3633 Tum
243 3582 353 3635 cruor
366 3573 402 3635 et
416 3555 536 3637 vulsae
550 3555 725 3637 labuntur
745 3556 792 3636 ab
810 3554 957 3637 aethere
977 3556 1144 3666 plumae.

176 3694 232 3772 At
245 3712 323 3774 non
340 3691 433 3775 haec
447 3694 558 3776 nullis
570 3694 774 3776 hominum
787 3693 882 3775 sator
898 3701 1009 3804 atque
1026 3695 1187 3775 deorum

116 3830 323 3914 Observans
341 3832 621 3917 oculis'summo
639 3835 739 3915 sedet
750 3832 845 3914 altus
863 3832 1046 3946 Olympo.
1095 3833 1184 3946 726

114 3972 363 4082 Tyrrhenum
378 3976 523 4085 genitor
538 3975 799 4059 Tarchontem
815 3975 855 4056 in
866 3974 1005 4084 praelia
1021 3973 1126 4055 saeva

115 4111 282 4212 Suscitat,
311 4133 349 4195 et
366 4114 523 4200 stimulis
537 4115 640 4200 haud
656 4099 835 4198 mollibus'
846 4113 964 4224 injicit
980 4114 1063 4200 iras.
1110 4227 1116 4236 .

177 4253 295 4368 Toto.
326 4252 379 4337 ΙΙ.
425 4294 429 4301 -
705 4254 747 4353 Q
1082 4248 1188 4357 Ergo
