2872 5176
287 386 388 513 364
477 384 531 482 Ρ.
561 356 825 480 vmcnn
860 363 1139 482 Mnuoms

198 606 203 615 '
247 622 250 631 ¹
285 580 433 702 Jupiter
448 586 700 698 haecpaucis:
727 592 858 669 at'non
872 586 1004 669 Venus
1013 617 1123 672 aurea
1131 607 1267 711 contra

284 729 411 811 Paua
425 727 548 810 refert.

285 869 327 948 Ο
343 868 463 978 pater,‘
487 897 514 949 o
531 866 736 950 hominurn
748 868 955 977 divumque
968 886 1113 952 aeterna
1133 868 1308 981 potestas,

285 1006 469 1165 Namque
483 1007 585 1088 aliud
602 1008 696 1117 quid
716 1008 780 1106 fit,
802 1008 934 1119 quod
918 1037 1001 1118 Jam
1021 1008 1220 1208 implorare
1237 1041 1364 1123 quea·

421 1153 580 1231 mus?

279 1290 472 1373 cernisut
489 1288 662 1370 insultent
675 1286 822 1388 Rutuli,
852 1289 1079 1401 Turnusque
1093 1203 1268 1372 feratur
1296 1318 1359 1377 20

162 1488 168 1505 .
285 1432 361 1515 Per
377 1429 683 1540 mdiosinfignis
698 1430 816 1538 equis,
847 1429 1086 1540 tumidusque
1100 1429 1263 1513 seeundo

279 1572 529 1656 Maneruat?
549 1600 628 1655 non
639 1570 762 1652 clausa
771 1574 924 1682 tegunt
927 1573 1151 1653 ammoenia
1162 1575 1202 1654 T
1202 1601 1360 1658 eucros:

285 1714 417 1828 Qin
405 1731 501 1796 intra
512 1730 648 1823 portas,
678 1713 885 1823 atqueipfis
902 1713 1039 1822 praelia
1056 1712 1213 1795 miscent

168 1848 172 1853 ¹
286 1855 500 1966 Aggeribus
516 1882 729 1953 murorum,
759 1869 798 1934 et
812 1854 994 1934 inundant
1004 1853 1179 1964 sanguine
1195 1854 1322 1940 fossae.

125 2056 169 2065 .,
283 1990 598 2102 Aenoenignams
614 1989 728 2072 abest.
756 2017 1000 2100 nunquamne
1020 1991 1132 2073 levari
1295 2021 1318 2077 2
1328 2022 1355 2106 ς

285 2132 492 2216 Obfidione
510 2131 626 2217 fines?
664 2130 782 2213 muris
799 2131 935 2213 iterum
953 2133 1127 2215 imminet
1144 2114 1260 2217 hostis

284 2273 484 2359 Nascentis
501 2273 653 2383 Trnjae,
685 2299 756 2354 nec
773 2299 851 2353 non
871 2272 1052 2353 exercitus
1068 2273 1183 2373 alter;
1281 2301 1291 2313 ·
1343 2299 1350 2315 ·

285 2416 416 2522 Atque
427 2414 564 2494 iterum
583 2413 624 2493 in
640 2414 809 2494 Teucros
820 2413 965 2495 Aetolis
983 2413 1097 2522 surgit
1114 2414 1161 2494 ab
1179 2416 1293 2526 Arpis

284 2553 469 2663 Tydides.
500 2553 693 2663 equidem,
724 2552 849 2649 credo,
882 2568 968 2633 mea
978 2552 1130 2636 vulnera
1141 2555 1288 2655 restant,

283 2692 337 2775 Et
354 2711 418 2773 tua
432 2691 625 2802 progenies
636 2691 807 2771 mortalia
818 2691 991 2772 demoror
1014 2721 1129 2777 arma.
1295 2727 1352 2807 30

285 2833 325 2915 Si
343 2833 418 2915 fine
429 2860 521 2944 pace
533 2838 610 2929 tua,
640 2849 751 2940 atque
763 2832 879 2913 invito
894 2832 1049 2913 numine
1066 2835 1187 2915 Troes

283 2960 432 3056 Italiam
453 2974 610 3084 petiere;
642 2974 746 3055 luant
762 2992 923 3083 peccata,
956 3002 1075 3082 neque
1087 2976 1170 3055 illos

286 3116 433 3221 Juveris
449 3113 602 3196 auxilio.
633 3114 688 3193 fin
704 3132 761 3195 tot
777 3113 943 3223 responsa
960 3114 1086 3213 secuti,

284 3256 392 3363 Qae
404 3253 534 3362 Superi
547 3253 756 3362 Manesque
771 3253 928 3350 dabant;
959 3281 1028 3334 cur
1046 3282 1146 3336 nunc
1165 3270 1227 3334 tua
1251 3256 1354 3362 quis-

282 3399 285 3404 ,
467 3422 585 3502 quam

285 3535 319 3618 F
320 3534 453 3616 ledere
462 3537 554 3645 juffa
567 3537 711 3648 potest?
742 3557 885 3619 auteur
899 3567 995 3619 nova
1005 3540 1164 3620 condere
1183 3539 1279 3623 fata?
1296 3570 1352 3652 35

284 3675 393 3776 Quid
405 3694 572 3787 repetam
591 3677 737 3759 exustas
756 3681 921 3789 Erycino
933 3681 972 3760 in
985 3680 1090 3760 litore
1107 3679 1231 3759 classes
1247 3685 1261 3762 ἓ

281 3816 388 3914 Quid
405 3818 670 3929 tempestatum
690 3847 819 3929 regem
837 3820 1037 3928 ventosque
1055 3819 1217 3902 furentes

281 3957 417 4039 Aeolia
431 3960 597 4043 excitos?
627 3965 826 4045 autattam
845 3962 1006 4042 nubibus
1021 3963 1141 4043 Irim?

279 4102 398 4182 Nunc
415 4101 529 4182 etiam
547 4103 696 4203 Manes,
728 4102 821 4186 haec
838 4104 1015 4186 intentata
1028 4103 1203 4187 manebat

279 4245 365 4326 Sors
381 4269 521 4342 rerum,
553 4264 695 4345 movet,
724 4263 761 4330 et
779 4245 915 4358 superis
933 4244 1261 4366 immissa'repente
1293 4270 1354 4346 40

1198 4379 1353 4477 Alecto,
