2872 5176
338 418 343 425 ·
390 395 701 488 nmmos
739 391 855 486 er.
885 392 968 485 IX.
1079 512 1082 519 Ι
1118 422 1212 517 149

148 593 302 673 Turnus
315 591 354 673 in
372 594 594 691 annaviros,
625 595 739 675 armis
751 593 987 676 circundatus
1002 593 1092 705 ipse,
1203 599 1220 657 ἵ

149 734 316 835 Suscitat,
348 736 557 844 aeratasque
574 738 670 818 acies
688 739 728 817 in
745 738 882 847 praelia
900 738 1027 845 cogit:

147 876 316 986 Qisque
337 878 433 974 suos,
463 876 642 985 variisque
656 896 794 959 acuunt
805 879 1020 960 rumoribus
1039 879 1121 962 iras.
1210 912 1218 937 0

145 990 347 1129 Qin'ipsa
362 1020 520 1116 arreetis,
553 1019 631 1100 visu
646 1020 875 1103 miserabile!
908 1020 948 1100 in
966 1020 1078 1102 hastis
1123 1019 1178 1127 46
1187 1046 1211 1129 ς

145 1152 363 1270 Praefigunt
381 1163 512 1272 capita,
543 1181 581 1244 et
594 1164 718 1245 multo
736 1163 901 1245 clamore
918 1164 1132 1273 sequuntur,
1169 1138 1171 1143 V
1205 1166 1217 1209 ·'

143 1303 299 1412 Euryali
318 1323 356 1385 et
375 1303 471 1384 Nifi.
751 1302 754 1309 ’

143 1446 342 1524 Aeneadae
361 1445 448 1523 duri
467 1471 665 1524 murorum
683 1443 723 1523 in
740 1461 843 1552 parte
861 1443 1001 1526 finistra

144 1586 362 1694 Opposuere
379 1588 511 1683 aciem,
544 1614 633 1664 nam
649 1585 800 1665 dextera
817 1586 978 1692 cingitur
992 1585 1109 1684 amni,
1196 1588 1216 1637 ’·

144 1724 391 1834 Ingentesque
412 1743 537 1806 tenent
554 1725 675 1822 foffas,
714 1743 753 1805 et
770 1727 931 1805 turribus
948 1727 1030 1807 altis
1122 1730 1215 1840 476

143 1863 249 1942 Stant
266 1864 421 1945 moesti:
453 1864 565 1944 fimul
578 1891 642 1943 ora
655 1864 779 1943 virum
796 1863 959 1973 praefixa
975 1865 1162 1963 videbant,
1210 1870 1215 1942 ζ

140 2002 246 2083 Nota
264 2002 376 2084 nimis
394 2004 547 2101 miseris,
579 2023 734 2113 atroque
746 2004 898 2083 fluentia
915 2004 1014 2086 tabu.

204 2145 347 2223 Interea
365 2144 540 2254 pavidam
560 2142 716 2223 volitans
729 2161 887 2252 pennata
903 2171 969 2252 per
987 2144 1122 2225 urbem

142 2282 298 2361 Nuncia
319 2283 422 2362 fama
439 2283 525 2379 ruit,
556 2283 754 2390 matrisque
768 2280 940 2361 allabitur
960 2309 1065 2362 aures

141 2421 317 2530 Euryali:
349 2439 387 2500 at
404 2422 544 2502 subitus
566 2422 717 2502 miserae
737 2421 838 2501 calor
855 2422 928 2502 offa
944 2421 1106 2532 reliquit.
1121 2450 1179 2540 47
1185 2448 1209 2536 5

140 2563 295 2643 Excussi
313 2565 488 2644 manibus
504 2564 609 2661 radii,
641 2563 881 2674 revolutaque
898 2565 1019 2674 pensa.
1205 2568 1211 2575 '

140 2705 276 2786 Evolat
287 2706 432 2803 infelix,
463 2727 500 2787 et
511 2707 701 2788 foemineo
720 2706 876 2806 ululatu,

140 2848 251 2928 Sciffa
262 2876 428 2945 comam,
460 2875 589 2929 muros
603 2876 732 2928 amens
749 2867 861 2956 atque
874 2848 1025 2955 agmina
1042 2845 1151 2927 cursu

139 2988 266 3069 Prima
284 2991 388 3098 petit.
418 3016 494 3068 non
513 2988 576 3069 illa
594 2990 731 3085 virum,
759 3016 835 3067 non
854 2986 915 3067 illa
930 2987 1071 3096 pericli,
1197 2992 1210 3065 “.

138 3127 401 3237 Telorumque
419 3156 586 3210 memor:
617 3126 768 3208 eoelum
780 3127 917 3208 dehinc
932 3125 1122 3236 questibus
1134 3124 1211 3207 im·

324 3267 422 3378 plet:
605 3320 608 3325 <
1117 3266 1207 3370 480'

139 3408 257 3488 Hunc
275 3435 347 3517 ego
360 3428 409 3508 te,
431 3409 605 3519 Euryale,
622 3409 779 3518 aspicio?
810 3424 911 3504 tune,
933 3404 996 3485 illa
1013 3405 1178 3486 senellae

138 3548 225 3628 Sera
237 3576 344 3629 meae
356 3551 514 3658 requies,
547 3549 698 3659 potuisti
711 3548 878 3656 linquere
891 3545 1021 3642 solam,

138 3688 334 3773 Crudelis?
366 3709 504 3791 necte,
537 3689 898 3798 subtantapericula
918 3685 1085 3782 milium,
1201 3764 1206 3772 .

138 3826 260 3907 Affari
278 3848 492 3912 extremum
507 3830 658 3912 miserae
677 3828 762 3909 data
775 3829 883 3937 copia
901 3826 1034 3905 matri?

138 3963 242 4058 Heu,
273 3982 368 4046 terra
382 3968 519 4074 ignota,
551 3967 703 4047 canibus
716 3966 801 4046 date
812 3965 947 4075 praeda
959 3961 1102 4044 Latinis
1115 3960 1169 4070 48
1179 3988 1203 4074 ς

134 4101 515 4214 Alitibusqu'e,jacesl
546 4135 615 4189 nec
629 4127 665 4189 te
678 4126 741 4188 tua
758 4107 889 4188 funera
903 4123 1021 4186 mater

135 4242 316 4365 Proquxi,
348 4246 503 4368 preffiye
522 4248 664 4358 oculos,
694 4265 760 4361 aut
780 4248 931 4331 vulnera
949 4245 1035 4351 lavi,
1161 4332 1164 4337 ,
1192 4318 1204 4341 ,

688 4388 726 4508 ἓ
761 4418 784 4505 3
1091 4378 1211 4464 Velle
