2872 5176
351 395 715 487 Asiiiiinos.
767 388 892 484 L1r.
927 389 1033 487 vii.
1150 422 1224 520 73.

140 595 343 692 Praeterea,
357 593 464 677 castis
480 591 604 675 adolet
616 593 711 674 dum
728 593 853 674 altaria
874 592 1001 695 taedis,

140 735 192 816 Et
210 733 319 842 juxta
336 733 544 842 genitorem
563 731 679 812 adstat
696 731 851 812 Lavinia
873 732 999 842 virgos
1147 762 1149 767 ·
1173 804 1196 839 ·.

140 870 240 971 Visa,
258 870 378 954 nefas!
400 871 519 983 longis
533 872 801 981 comprendere
820 873 984 954 crinibus
1001 874 1143 984 ignem,

140 1012 269 1121 Atque
283 1040 439 1094 omnem
451 1032 625 1094 ornatum
637 1012 793 1094 flamma
807 1014 1008 1123 crepitante
1020 1017 1199 1102 cremari:

141 1152 372 1263 Regalesque
389 1156 539 1236 accensa
556 1182 696 1254 comas,
712 1153 864 1235 accensa
880 1183 1061 1240 coronam
1152 1187 1180 1272 7
1187 1185 1211 1269 ς

142 1291 332 1403 Insignem
349 1295 523 1402 gemmis.
554 1313 639 1374 tum
650 1293 798 1375 fumida
816 1292 959 1375 lumine
974 1293 1083 1378 fulvo

141 1434 300 1534 liivolvi‚
320 1463 364 1516 ac
380 1436 466 1516 totis
481 1436 695 1516 Volcanum
715 1436 881 1546 spargere
897 1438 1013 1522 tectis.

142 1573 189 1654 Id
208 1602 297 1656 vero
314 1573 545 1655 horrendum
563 1602 606 1656 ac
625 1574 702 1652 visu
721 1574 890 1655 mirabile
908 1575 1020 1659 ferri:

140 1715 323 1825 Namque
341 1715 421 1798 fore
440 1715 621 1797 illustrem
638 1715 741 1797 fama
754 1715 909 1825 fatisque
922 1715 1104 1799 canebant

141 1855 288 1967 Ipsam;
305 1856 367 1940 sed
384 1857 526 1971 populo
545 1887 728 1968 magnum
746 1858 966 1968 portendere
982 1855 1139 1942 bellurn.
1156 1856 1212 1942 80

142 1999 198 2077 At
216 2025 295 2096 rex,
315 1996 492 2079 sollicitus
505 1999 691 2097 monstris,
714 1997 863 2079 oracula
878 1999 1000 2079 Fauni

143 2138 302 2219 Fatidici
322 2140 495 2246 genitoris
511 2140 601 2235 adit,
613 2139 792 2247 lucosque
805 2136 956 2217 subalta

142 2276 312 2359 Consulit
325 2277 525 2375 Albunea3
556 2305 759 2357 nemorum
775 2304 872 2386 quae
887 2276 1057 2357 maxima
1074 2275 1175 2358 sacro

140 2420 264 2500 Fonte
281 2416 395 2508 sonat.
410 2417 630 2526 saevamque
642 2415 793 2498 exhalat
806 2443 921 2526 opaca
934 2413 1150 2527 mephitim.

142 2561 247 2642 Hinc
265 2558 377 2641 Italae
390 2578 517 2670 gentes
536 2559 731 2668 omnisque
748 2560 927 2641 Oenotria
942 2559 1050 2641 tellus
1157 2555 1181 2639 8
1188 2579 1215 2669 ς

143 2704 188 2785 In
201 2701 325 2782 dubiis
342 2702 511 2812 responsa
527 2717 669 2811 petunt.
702 2700 779 2781 huc
797 2702 896 2781 dona
913 2699 1077 2781 sacerdos
1268 2695 1274 2703 ’

144 2845 247 2922 Cum
266 2841 365 2938 tulit,
385 2860 422 2922 et
441 2843 629 2923 caesarum
651 2841 781 2921 ovium
800 2840 866 2920 sub
886 2842 996 2919 noue
1018 2835 1138 2918 silenti

143 2981 307 3064 Pellibus
327 2981 497 3062 incubuit
512 2981 642 3078 stratis,
660 2981 882 3089 somnosque
902 2979 1043 3090 petivit,
1154 2976 1159 2986 ’
1256 2978 1261 2987 ’

143 3122 270 3204 Multa
287 3124 411 3205 modis
431 3123 623 3205 simulacra
640 3125 741 3204 videt
758 3122 949 3203 volitantia
968 3121 1084 3218 miris,

141 3265 193 3345 Et
213 3265 327 3346 varias
344 3263 446 3345 audit
467 3293 587 3361 voces,
607 3263 817 3373 fruiturque
833 3261 993 3345 deorum
1080 3261 1085 3274 '
1154 3289 1211 3372 90

144 3402 358 3514 Colloquio,
378 3420 489 3512 atque
506 3404 592 3494 imis
609 3403 825 3484 Acheronta
846 3401 978 3483 affatur
989 3399 1160 3481 Avernis.

144 3544 224 3629 Hic
242 3562 279 3624 et
293 3562 377 3624 tum
395 3561 497 3651 pater
514 3544 591 3653 ipse
602 3562 730 3653 petens
745 3544 913 3651 responsa
927 3542 1094 3637 Latinus,

144 3687 313 3766 Centum
334 3684 513 3793 lanigeras
525 3684 712 3765 madabat
728 3685 797 3764 rite
810 3682 989 3777 bidentes,

143 3826 272 3932 Atque
285 3820 421 3903 harum
437 3820 588 3904 effultus
603 3841 707 3931 tergo
732 3820 923 3931 stratisque
938 3818 1086 3927 jacebat

143 3952 370 4048 Velleribus.
401 3961 521 4042 subita
537 3960 675 4042 exalto
694 3986 770 4039 vox
787 3958 931 4040 reddita
948 3956 1037 4038 luco
1053 3954 1134 4041 est:
1159 3987 1185 4072 9
1192 3985 1216 4071 ς

144 4103 307 4214 Nepete
322 4100 519 4185 connubiis
533 4118 659 4182 natam
671 4099 806 4182 sociare
818 4097 973 4195 Latinis,

143 4245 280 4335 omia
295 4244 502 4358 progeniei,
519 4239 692 4362 thalamis
705 4240 900 4360 neuerede
915 4238 1062 4350 paratis.
1134 4280 1137 4287 ·

501 4416 508 4425 ·
1064 4370 1221 4457 Extemi
