2872 5176
171 380 174 385 ·
252 371 326 461 24²
433 333 1106 434 P.V1ne1n11Maaou1-r

251 541 484 654 Impediunt
502 547 707 647 texuntque
724 537 829 645 fugas
845 553 883 617 et
895 534 1031 644 praelia
1050 532 1154 629 ludo,
1298 558 1302 563 ·
1327 526 1347 605 ἶ

251 678 646 790 Delphinumfimiles,
655 676 721 787 qui
732 704 797 787 per
808 671 1220 758 mariahumidanando
1339 728 1349 739 -

206 886 218 907 .
250 815 499 931 Carpathium
529 818 793 926 Libycumque
825 814 958 909 secant,
1010 811 1217 918 luduntque
1255 834 1327 916 per

441 955 594 1049 undas„
1212 965 1348 1058 '595ss

256 1094 376 1193 Hunc
402 1120 563 1198 morem,
600 1091 671 1176 hor
684 1090 829 1193 ausus,
857 1110 969 1202 atque
996 1089 1090 1172 haec
1120 1085 1329 1171 certamine

379 1239 647 1346 primus·¹

256 1366 455 1480 Ascanius,
476 1378 649 1491 Longam
664 1370 780 1453 muris
801 1398 892 1453 cum
905 1372 1068 1480 cingeret
1084 1288 1240 1467 Albam,

262 1512 439 1608 Rettulit,
456 1531 493 1594 et
513 1513 648 1624 priscos
665 1512 792 1592 docuit
808 1512 991 1593 celebrare
1005 1509 1177 1592 Latinos:

264 1649 358 1757 Qo
376 1654 553 1763 pueripse
572 1654 700 1752 modo,
720 1652 846 1733 secum
863 1679 940 1759 quo
959 1651 1289 1761 Troiapuber,

263 1787 409 1871 'Albani
417 1792 586 1873 docuere
601 1793 696 1873 suos.
727 1790 817 1871 hinc
830 1791 997 1871 maxima
1014 1817 1126 1898 porro
1244 1792 1337 1873 600

269 1910 431 2039 Accepit
444 1934 582 2031 Roma,
604 1949 642 2012 et
665 1930 828 2040 patrium
842 1931 992 2011 servavit
1008 1927 1194 2011 honorem
1205 1968 1242 2029 3⁴

265 2069 461 2178 ⁸Trojaque
476 2097 590 2171 nunc,
608 2072 713 2180 pueri
726 2071 935 2177 Trojanum
952 2068 1086 2150 dicitur
1092 2095 1243 2177 agmen.

332 2209 420 2291 Hac
435 2210 615 2310 celebrata
629 2230 735 2293 tenus
757 2211 881 2292 santio
900 2211 1101 2291 certamina
1115 2209 1220 2318 patri.

268 2344 350 2433 Hic
374 2351 542 2456 primum
554 2351 704 2433 fortuna
720 2348 837 2430 fidem
854 2367 997 2429 mutata
1012 2349 1172 2429 novavit.
1197 2358 1200 2363 ’

270 2490 383 2603 Dum
400 2489 506 2567 variis
526 2488 676 2570 tumulo
697 2486 860 2569 referunt
875 2473 1062 2569 'solemnia
1076 2488 1185 2586 ludis,
1249 2488 1306 2568 60
1313 2490 1357 2594 ς’

272 2624 371 2704 Irim
394 2622 442 2703 de
467 2626 573 2705 coelo
599 2627 698 2706 misit
719 2627 883 2707 Saturnia
901 2626 1002 2731 Juno
1141 2684 1150 2695 -.

274 2761 433 2844 Iliacam
447 2764 494 2844 ad
512 2764 659 2870 claffem
671 2804 684 2863 ;
707 2766 907 2876 ventosque
919 2765 1048 2873 aspirat
1062 2763 1177 2861 eunti,
1351 2782 1359 2789 ·

175 2948 182 2967 ι
273 2902 403 2984 Multa
414 2931 581 3003 movens,
597 2906 761 2986 necdum
778 2906 977 3014 antiquum
993 2904 1147 2984 saturata
1157 2896 1357 2982 dolorem.⁵

272 3039 347 3123 Illa
364 3043 465 3122 viam
483 3043 645 3126 celerans
659 3073 723 3154 per
747 3046 851 3126 mille
878 3044 1064 3124 coloribus
1083 3068 1226 3139 arcum,
1326 3088 1328 3094 ·
1347 3100 1357 3109 -

275 3176 389 3299 Nulli
401 3179 488 3280 visa,
502 3182 578 3262 cito
599 3184 760 3264 decurrit
773 3186 918 3265 tramite
935 3185 1052 3290 virgo.
1255 3181 1344 3259 610

115 3337 119 3347 ·
278 3317 470 3428 Conspicit
489 3320 679 3430 ingentem
697 3325 930 3421 concursum,
949 3343 986 3404 et
1004 3324 1109 3402 litora
1127 3317 1267 3414 lustrat,
1352 3376 1356 3383 ·

278 3455 525 3565 Desertosque
535 3461 635 3540 videt
649 3479 786 3571 portus,
806 3463 1029 3572 clallemque
1046 3459 1225 3541 relictam.
1352 3452 1355 3457 ’

279 3596 336 3676 At
354 3595 485 3703 procul
509 3597 549 3678 in
566 3598 642 3680 sola
659 3599 814 3684 secretae
836 3603 1004 3683 Troades
1023 3603 1105 3680 atta

275 3732 468 3816 Amissum
487 3738 677 3822 Anchisen
690 3739 840 3840 flebant,
858 3744 1086 3849 cunctaeque
1100 3733 1333 3848 profundum
1349 3793 1354 3801 -

272 3872 440 3957 Pontum
450 3866 681 3984 aspectabant
693 3878 833 3960 flentes.
866 3866 1356 3983 heu·‚totvadafell1a,615¹

271 4013 326 4093 Et
343 4012 678 4124 tantumsupereffe
696 4020 829 4100 maris!
863 4048 938 4103 vox
948 4019 1126 4101 omnibus
1139 4041 1226 4099 una.
1261 4036 1264 4041 ’
1348 4064 1353 4075 ·

281 4149 431 4260 Urbem
442 4170 573 4238 orant:
605 4158 729 4275 taedet
746 4157 868 4273 pelagi
884 4158 1236 4272 perferrelaborem.
1268 4182 1283 4191 ··
1316 4150 1355 4221 'T

861 4354 866 4369 ι
1248 4291 1351 4401 Ergo
