2872 5176
176 396 246 489 ῃ
368 364 425 469 1².
453 364 722 459 Vrnotnrr
755 354 1031 458 Manonrs

171 569 391 655 Nexantem
403 566 534 664 nodos,
548 565 660 673 seque
676 563 715 643 in
733 564 797 645 sua
812 564 984 647 membra
997 565 1249 678 plicanteutr'

174 709 265 794 Tali
282 708 441 820 remigio
455 707 557 790 navis
572 705 608 787 se
623 704 726 786 tarda
742 706 929 789 movebat.
1155 712 1251 809 289¹·

174 846 272 933 Vela
287 847 376 937 facit
393 863 531 944 tamen,
553 863 591 928 et
606 842 726 956 plenis
740 844 836 925 subit
849 845 941 927 ostia
957 844 1061 931 velis.
1239 894 1246 907 ·

176 985 387 1102 Sergestum
409 988 554 1068 Aeneas
575 981 753 1094 promitio
770 1011 926 1065 munere
942 984 1069 1084 donat,
1245 1010 1251 1059 z

177 1130 365 1209 Servatam
380 1127 431 1209 ob
448 1151 584 1207 navem
599 1121 718 1205 laetus
731 1122 922 1232 sociosque
939 1123 1129 1209 reductos.
1151 1205 1153 1209 ,
1206 1162 1210 1167 ·

176 1266 256 1350 Olli
273 1267 372 1349 serva
388 1266 509 1363 datur,
526 1290 684 1374 operum
696 1261 797 1344 haud
815 1264 941 1372 ignara
954 1263 1169 1367 Minervae,
1243 1284 1252 1327 ’-

175 1408 435 1519 Creffagenus‚
444 1405 601 1503 Pholoe,
612 1403 828 1513 geminique
843 1403 912 1487 sub
930 1402 1043 1483 ubere
1055 1404 1145 1489 nuti.
1156 1403 1213 1495 28
1219 1422 1250 1520 ς

236 1550 328 1631 Hoc
343 1548 427 1659 pius
441 1549 588 1629 Aeneas
603 1542 712 1626 mitio
729 1543 931 1627 certamine
944 1543 1063 1626 tendit
1242 1560 1248 1618 ;·

176 1685 428 1793 βηηιὶιιοιιω
453 1687 495 1768 in
524 1711 723 1795 campum,¹
748 1709 869 1794 quem
894 1681 1053 1765 collibus
1078 1682 1247 1794 undique

356 1822 485 1904 curvis
556 1814 577 1878 ’·
1089 1872 1093 1879 ·
1233 1842 1245 1904 ,·

177 1963 391 2073 cingebant
419 1961 547 2047 silvae:
574 1960 774 2073 mediaque
794 1961 941 2043 invalle
960 1959 1097 2046 theatri
1240 1976 1247 2033 ἰ

177 2104 311 2189 Circus
331 2121 420 2202 erat,
440 2132 518 2214 quo
536 2102 574 2186 se
593 2102 724 2185 multis
742 2130 832 2184 cum
850 2101 1018 2185 millibus
1043 2101 1155 2187 heros
1234 2122 1242 2167 ⁵

175 2244 354 2347 consessu
370 2244 542 2328 medium
560 2243 658 2345 tulit,
684 2247 927 2353 extructoque
948 2244 1091 2329 resedit.
1155 2249 1252 2358 290'
1277 2298 1280 2309 ·

178 2388 259 2487 Hic
273 2388 341 2498 qui
357 2387 454 2473 forte
471 2386 586 2469 velint
603 2385 733 2498 rapido
750 2387 973 2467 contendere
999 2385 1123 2487 cursu,

177 2525 315 2608 Invitat
331 2525 456 2634 pretiis
479 2525 638 2622 animos,
668 2539 707 2604 et
730 2524 894 2633 praemia
911 2524 1029 2635 ponit.

176 2660 360 2772 Undique
379 2661 605 2744 conveniunt
621 2662 763 2743 Teucri
792 2662 967 2773 mistique
993 2663 1113 2746 Sicani
1123 2704 1141 2765 ς
1240 2712 1247 2731 ι

176 2799 294 2887 Nisus
309 2819 347 2882 et
364 2800 548 2911 Euryalus
576 2799 701 2911 primi.

174 2938 360 3051 Euryalus
383 2938 508 3021 forma
531 2939 694 3048 insignis,
718 2938 901 3049 viridique
913 2941 1092 3048 juventa3
1132 2918 1135 2923 ’
1156 2966 1213 3051 29
1219 2968 1245 3056 5

176 3076 306 3181 Nisus,
330 3108 459 3162 amore
482 3082 546 3190 pio
558 3080 691 3189 pueri:
723 3107 818 3186 quos
835 3079 969 3161 deinde
983 3080 1126 3163 secutus

176 3220 333 3333 Regius,
351 3219 497 3331 egregia
507 3219 646 3301 Priami
662 3218 709 3298 de
724 3217 847 3329 stirpe,
860 3220 1005 3302 Diores.

176 3361 295 3445 Hunc
313 3360 442 3457 Salius,
475 3360 584 3442 timul
613 3378 650 3439 et
678 3361 828 3443 Paron:
874 3389 1038 3472 quorum
1068 3360 1159 3443 alter
1183 3362 1245 3443 A·

363 3528 513 3599 caman,
1235 3570 1238 3577 .

174 3640 284 3740 Alter
298 3639 347 3721 ab
360 3641 532 3738 Arcadia,
556 3640 748 3749 Tegeaeae
774 3639 948 3749 sanguine
965 3640 1097 3752 gentis.
1240 3716 1246 3725 .

174 3782 286 3863 Tum
303 3778 381 3860 duo
396 3779 579 3887 Trinacrij
593 3779 761 3887 juyenes,
781 3778 970 3888 Helymus
987 3777 1246 3893 Panopesque}

177 3900 322 4001 Assueti
348 3915 456 4018 ulvis,
485 3917 640 4001 comites
657 3916 806 3997 senioris
822 3917 992 4009 Acestae.
1153 3948 1239 4037 30¹

176 4056 296 4139 Multi
317 4074 514 4168 praeterea,
532 4083 628 4166 quos
655 4055 757 4138 fama
785 4055 940 4139 obscura
969 4057 1171 4151 recondit..

177 4200 324 4301 Aeneas
342 4194 478 4309 quibus
497 4194 543 4303 *in
556 4195 915 4319 mediislicdeinde
936 4196 1112 4297 locutusr
1176 4288 1180 4293 ,

839 4310 853 4333 ⁸
1071 4335 1248 4452 Accipite
