2872 5176
169 298 174 308 ’
259 330 335 439 90
439 310 490 408 Ρ.
520 308 799 407 'Vruorurr
829 310 1117 415 Muenna

258 794 421 880 Ascurio
436 793 625 875 auxilium-
634 790 760 874 casinis
773 793 934 875 effimdit
946 799 1092 907 apertis.

256 934 443 1020 Direxere
451 934 558 1017 aeica
589 959 667 1014 non
678 933 765 1040 jum·
777 932 979 1016 certamine
995 940 1139 1047 agresti,

258 1074 452 1185 stipitibus
471 1073 579 1154 duris
585 1072 717 1182 agitur,
734 1070 925 1153 sudibusve
942 1078 1139 1183 praeustiq

257 1212 332 1297 Sed
346 1215 446 1297 ferro
457 1212 612 1322 ancipiti·
621 1213 838 1310 decemmt,
870 1231 1019 1322 atraque
1037 1217 1112 1299 late
1233 1245 1287 1334 52
1294 1249 1322 1335 ς

257 1353 450 1437 Horrescit
462 1352 595 1433 stridis
613 1351 713 1458 seges
730 1353 887 1456 enfibus,
920 1383 1077 1471 aeraque
1098 1360 1247 1472 fulgent

258 1493 344 1574 doie
360 1488 531 1591 laceffiu,
565 1508 604 1572 et
621 1490 754 1572 iucem
768 1492 836 1572 sub
858 1494 1154 1604 nubilnjadant:
1217 1555 1221 1565 ·

255 1632 420 1717 Piudtue-
430 1634 487 1714 uti
503 1632 629 1743 primo
643 1633 767 1744 coepit
785 1660 876 1714 cum
891 1635 1072 1720 albescere
1089 1607 1214 1742 vento,

255 1772 458 1856 Paullatim
470 1774 543 1855 sese
555 1773 653 1854 toilit
670 1801 787 1876 mure,
817 1792 855 1854 et
871 1775 980 1855 altius
993 1779 1113 1859 undas

254 1914 390 2022 Erigit,
418 1913 505 1994 indu
526 1913 806 2022 imooonsurgit
824 1915 880 1994 ad·
889 1914 1038 1997 aethera
1050 1917 1183 2000 fundo.
1231 1948 1283 2031 5¹3

255 2051 336 2135 Hic
348 2051 512 2160 juvenis,¹
534 2051 698 2161 primam
717 2069 803 2133 ante
818 2053 939 2133 aciem
959 2055 1133 2136 stridente
1148 2056 1288 2166 sagitta,

255 2192 445 2277 Naromm
468 2191 610 2300 Tyrrhi
623 2191 742 2273 suerat
762 2193 829 2301 qui
850 2195 1053 2293 maximus,
1084 2195 1235 2278 Almon

256 2332 446 2417 Sternitur.
478 2331 594 2413 haesit
612 2333 715 2413 enim
740 2332 806 2413 sub
825 2349 973 2442 gutture
986 2334 1134 2434 vuinus,
1162 2341 1202 2419 dr
1223 2337 1320 2420 udae

254 2473 377 2555 Vocis
396 2476 464 2555 iter
481 2493 708 2584 tenuemque
720 2474 866 2555 inclusrt
879 2474 1054 2585 sanguine
1072 2479 1200 2559 eitam.

254 2612 426 2722 Corpora
441 2612 560 2691 multa
572 2611 818 2709 vimineum,
846 2611 1039 2721 seniorque
1050 2614 1216 2715 Galesus,
1231 2608 1315 2728 53‘5

253 2749 365 2831 Dum
382 2750 464 2860 paci
482 2751 652 2830 medium
664 2749 699 2829 se
717 2749 826 2837 offert
835 2788 847 2846 3
871 2749 1199 2853 justiffimusunus

92 2979 96 2983 ,
255 2891 338 3002 Qi
353 2891 437 2989 fuit,
474 2890 720 3001 Ausoniisque
739 2890 833 2970 olim
851 2889 1049 2971 ditiffimus
1071 2893 1177 2976 arvis.

253 3029 433 3136 Quinque
447 3054 574 3136 greges
586 3027 641 3108 illi
656 3026 861 3122 balantum,
890 3027 1006 3134 quino
1018 3027 1187 3108 redibant

253 3169 451 3271 Armenta,
483 3186 522 3249 et
533 3184 668 3249 terram
682 3186 834 3248 centum
845 3170 1008 3247 vertebat
1026 3168 1162 3248 aratris.
1230 3193 1315 3277 539

253 3314 382 3421 Atque
396 3340 439 3390 ea
452 3336 518 3419 per
529 3337 682 3418 campos
696 3336 816 3416 aequo
828 3308 923 3386 dum
941 3308 1067 3387 Marte
1085 3326 1262 3418 geruntur
1271 3346 1284 3405 3

252 3451 425 3536 Promissr
445 3450 514 3528 dea
529 3446 625 3528 sadra
638 3463 782 3556 potens,
813 3446 878 3525 ubi
896 3446 1070 3554 sanguine
1092 3448 1238 3529 bellum

253 3588 408 3686 Imbuit,
440 3604 479 3668 et
502 3587 644 3696 primae
663 3583 850 3664 commisrt
868 3584 999 3664 funera
1018 3612 1178 3694 pugnae,
1303 3607 1306 3613 ·

252 3727 399 3808 Deserit
412 3725 644 3837 Hesperiam,
676 3741 714 3803 et
727 3721 823 3802 coeli
840 3748 1007 3802 convexa
1023 3749 1090 3830 per
1102 3748 1222 3820 auras,

251 3868 445 3975 Junonem
464 3867 598 3946 vidrix
617 3861 749 3943 affatur
766 3878 857 3941 vote
876 3860 1054 3970 superba:
1182 3875 1186 3881 ’

252 4007 328 4105 En,
360 4006 521 4116 perfetta
540 4004 609 4084 tibi
624 4000 725 4084 bello
746 3999 925 4082 discordia
939 3998 1045 4084 tristi.
1227 4025 1314 4112 545

253 4146 343 4251 Die,
375 4145 417 4228 in
431 4143 635 4230 amicitiam
650 4148 797 4248 rodunt,
827 4156 866 4223 et
886 4138 1035 4242 foedera
1047 4142 1227 4256 jungant3

1181 4280 1316 4401 Qn:
