2872 5176
153 456 156 461 ,
265 350 331 449 62
496 342 549 441 P.
593 343 860 438 Vmorem
903 336 1178 439 Masonsa

267 544 421 657 Saepius
439 568 636 625 occurrens
654 538 748 623 haec
765 538 899 621 sintina
916 540 1067 624 tendere
1080 542 1218 654 adegit.

267 689 374 773 Stant
393 683 466 767 sale
477 680 681 795 Tyrrheno
693 679 830 763 classes.
860 681 910 762 da
918 681 1076 791 jungere
1089 682 1276 786 dextram,

267 831 347 934 Da,
362 827 526 940 genitor:
557 842 670 936 teque
687 823 868 936 amplexu
887 851 936 906 ne
954 823 1130 910 subtrahe
1146 829 1286 912 nostro.

269 969 332 1050 Sic
349 995 575 1093 memorans,
597 966 702 1076 largo
717 963 808 1046 fletu
822 963 936 1046 srmul
950 992 1016 1048 ora
1030 967 1186 1077 rigabat.

267 1109 350 1191 Ter
363 1126 516 1192 conatus
534 1107 588 1189 ibi
602 1105 702 1189 coilo
715 1105 804 1188 dare
815 1103 969 1188 brachia
983 1108 1153 1211 circum3
1256 1143 1348 1228 700

267 1249 350 1333 Ter
367 1249 501 1333 studim
516 1247 735 1358 comprensa
751 1274 888 1329 manus
903 1245 1040 1358 effugit
1057 1252 1198 1361 imago,

269 1390 343 1475 Par
357 1391 501 1475 levibus
517 1390 648 1488 ventis,
668 1388 887 1498 volucrique
900 1387 1092 1474 sunillima
1105 1391 1252 1475 somno.

269 1510 415 1615 Interea
429 1529 531 1612 videt
544 1533 691 1612 Aeneas
709 1528 749 1609 in
760 1527 856 1610 valle
869 1527 1023 1614 redona

271 1673 466 1787 declusum
485 1698 632 1770 nemus,
650 1689 688 1751 et
706 1670 867 1780 virgulta
883 1670 1049 1754 sonantia
1065 1670 1189 1782 sylvis,
1217 1777 1219 1780 Α
1261 1706 1350 1792 704

271 1810 575 1920 Lethaeamque,
584 1812 719 1891 domos
726 1809 889 1920 placidas
901 1812 966 1919 qui
975 1829 1176 1922 praenatat,
1184 1844 1352 1901 amnem.

271 1952 393 2034 Hunc
406 1952 553 2033 circum
570 1951 791 2033 innumerae
802 1966 930 2057 gentes
944 1951 1154 2062 populique
1165 1957 1352 2041 volabant.

272 2096 337 2177 Ac
356 2092 472 2175 veluti
492 2092 532 2172 in
549 2092 674 2202 pratis,
694 2092 760 2172 ubi
776 2120 867 2203 apes.
877 2091 1009 2174 aestate
1024 2094 1150 2177 setena

140 2251 145 2268 ·
273 2208 451 2321 norim
468 2233 770 2332 mamam,
791 2233 1171 2319 eternoacum

273 2377 375 2461 Lilia
391 2376 623 2459 funduntur:
655 2376 784 2489 strepit
795 2378 920 2458 omnis
937 2406 1135 2463 murmure
1152 2408 1323 2491 campus.

272 2520 468 2601 Horrescit
479 2519 560 2600 visu
576 2518 710 2617 subito,
730 2518 929 2629 causasque
944 2521 1100 2629 requirit
1266 2554 1355 2640 7¹0

274 2659 418 2742 Inscius
432 2652 567 2757 Aneas,
583 2688 679 2770 quae
691 2659 762 2741 fint
773 2689 818 2741 ea
835 2658 996 2742 flumina
1010 2688 1136 2772 porro,

274 2798 406 2900 Quive
420 2801 489 2881 viri
503 2817 606 2882 tanto
624 2800 849 2911 complerint
867 2799 1018 2910 agmine
1031 2800 1142 2913 ripas.
1222 2827 1232 2839 ‘

274 2941 316 3023 T
317 2970 386 3023 um
402 2960 506 3052 pater
527 2941 729 3024 Anchises:
761 2941 921 3039 animae,
936 2942 1074 3050 quibus
1092 2942 1204 3024 altera
1220 2939 1299 3023 sato

273 3082 444 3192 Corpora
461 3081 655 3180 debentur,
673 3081 832 3163 Lethaei
845 3081 893 3163 ad
908 3081 1076 3165 fluminis
1095 3085 1239 3166 undam

276 3219 433 3302 Securos
452 3219 576 3303 latices
590 3238 628 3302 et
644 3220 757 3330 longa
771 3220 908 3327 oblivia
920 3239 1062 3332 potant.
1268 3251 1357 3336 715

276 3362 360 3444 Has
377 3364 556 3473 equidem
570 3389 782 3445 memorare
799 3363 869 3444 tibi
880 3380 994 3473 atque
1011 3363 1202 3445 ostendere
1214 3392 1358 3451 coram,

276 3503 513 3615 Jampridem
527 3501 626 3586 hanc
634 3501 783 3614 prolem
797 3503 912 3614 cupio
931 3531 1148 3585 enumerare
1160 3531 1360 3587 meorum:

276 3644 371 3743 Quo
392 3642 512 3753 magis
530 3641 636 3724 Italia
654 3671 810 3727 mecum
827 3643 961 3726 laetere
975 3660 1131 3753 reperta.

277 3760 454 3898 Opater,
479 3811 575 3866 anne
595 3785 737 3896 aliquas
765 3785 814 3869 ad
839 3783 992 3867 coelum
1021 3782 1112 3863 hinc
1143 3780 1197 3863 ire
1224 3798 1363 3893 putan-

462 3924 559 4006 dum
578 3926 633 4007 est

281 4063 467 4149 Sublimes
488 4068 644 4168 animas,
671 4069 884 4178 iterumque
901 4068 949 4149 ad
968 4066 1071 4151 tarda
1089 4068 1220 4149 reverti
1270 4093 1360 4180 720

279 4205 477 4322 Corpora?
507 4236 604 4323 quae
621 4210 715 4295 lucis
736 4210 875 4296 miseris
895 4227 975 4294 tam·
1000 4209 1081 4328 dira
1098 4207 1260 4321 cupido?

1220 4346 1363 4427 Dicam
