2872 5176
429 335 746 429 Annulooa
782 332 903 426 Lrn.
927 333 987 427 X.
1104 328 1198 458 183

138 537 283 622 Ardent
303 536 466 618 limitem
486 535 563 646 agit
576 534 693 636 ferro,
723 554 775 638 te,
798 536 942 633 Turne,
968 534 1173 649 superbum
1195 562 1198 567 ·

136 678 261 761 caede
274 705 383 774 nova,
401 702 592 785 quaerens.
608 675 741 777 Pallas,
763 676 948 773 Evander,
963 677 1001 757 in
1020 677 1104 787 ipfis
1115 702 1138 788 ς
1151 706 1164 760 1
1176 702 1200 789 ς

135 821 278 901 Omnia
299 820 382 900 sunt
402 818 544 898 oculis:
574 819 735 918 mensae,
756 845 848 927 quas
865 816 1006 899 advena
1022 819 1162 929 primas
1183 810 1188 817 ’

134 960 252 1040 Tunc
267 959 371 1057 adiit,
393 960 620 1066 dextraeque
631 956 750 1040 datae.
784 956 965 1039 Sulmone
981 975 1123 1065 creatos
1190 944 1196 969 '

138 1098 311 1202 Qatuor
324 1097 388 1178 hic
394 1099 547 1206 juvenes
556 1138 568 1195 ;
587 1097 759 1194 totidem,
777 1122 872 1207 quos
888 1097 1020 1178 educat
1038 1098 1174 1198 Ufens,

130 1235 307 1318 Viventes
328 1238 434 1346 rapit,
455 1237 603 1318 inferias
624 1263 718 1344 quos
738 1236 913 1318 immolet
931 1237 1088 1336 umbris,

136 1375 372 1485 Captivoque
390 1377 472 1483 rogi
491 1373 689 1484 perfundat
706 1374 881 1485 sanguine
899 1374 1084 1465 flammas.
1116 1405 1203 1489 529

136 1514 229 1592 Inde
249 1516 370 1620 Mago
389 1513 520 1622 procul
534 1511 716 1591 infensam
729 1513 967 1595 contenderat
986 1514 1154 1621 hastam,

136 1652 205 1733 Ille
223 1652 304 1732 astu
322 1652 432 1751 subit,
463 1680 510 1732 ac
526 1650 774 1732 tremebunda
785 1653 992 1763 supervolat
1008 1655 1132 1741 hasta:

136 1794 188 1873 Et
206 1820 329 1902 genua
346 1790 576 1903 amplectens
594 1787 727 1872 effatur
738 1790 825 1871 talia
843 1792 1022 1903 supplex:

137 1935 209 2015 Per
222 1936 359 2045 patrios
373 1961 514 2036 manes,
548 1962 614 2043 per
625 1932 704 2042 spes
719 1931 896 2043 surgentis
909 1934 995 2037 Iuli,
1119 1948 1206 2050 524

136 2077 199 2155 Te
218 2102 362 2183 precor,
409 2073 508 2154 hanc
528 2075 695 2153 animam
713 2072 829 2153 serves
845 2092 1008 2183 natoque
1025 2077 1206 2185 patrique,

135 2217 204 2298 Est
222 2218 358 2297 domus
376 2216 472 2298 alta:
495 2226 620 2321 jacent
633 2215 779 2323 penitus
796 2213 936 2296 defossa
952 2217 1087 2298 talenta

136 2355 279 2436 Caelati
297 2356 462 2464 argenti:
495 2357 579 2436 sunt
595 2356 674 2435 auri
692 2354 856 2464 pondera
873 2354 963 2436 facti

136 2497 346 2607 Infectique
366 2496 476 2584 mihi.
508 2508 589 2578 hon
610 2496 674 2577 hic
693 2497 845 2578 vidoria
860 2501 1057 2582 Teucrum

136 2638 315 2723 Vertitur.
348 2635 451 2718 haud
464 2639 588 2719 anima
601 2666 675 2718 una
690 2638 792 2719 dabit
803 2639 1014 2723 discrimina
1032 2658 1144 2725 tanta.

136 2780 313 2860 Dixerat:
343 2781 489 2860 Aeneas
506 2797 635 2860 contra
651 2779 714 2859 cui
731 2779 818 2861 talia
838 2781 987 2883 reddit:
1118 2813 1204 2899 530

137 2919 297 3027 Argenti
313 2937 425 3026 atque
442 2921 535 3017 auri,
565 2946 752 3000 memoras
763 2947 872 3029 quae,
903 2922 1023 3005 multa
1040 2923 1177 3009 talenta

137 3057 249 3140 Natis
263 3059 468 3166 parcetuis.
499 3058 587 3139 belli
602 3059 831 3139 commercia
848 3061 1002 3144 Turnus
1198 3067 1202 3073 ’

139 3198 293 3279 Sustulit
303 3197 371 3277 ista
389 3200 502 3308 prior,
529 3201 610 3307 jam
624 3216 710 3278 tum
727 3196 892 3279 Paliante
904 3223 1085 3310 peremto.

137 3340 227 3420 Hoc
246 3337 358 3447 patris
379 3337 565 3418 Anchisae
579 3365 720 3436 manes,
749 3336 824 3418 hoc
838 3337 944 3421 sentit
955 3343 1072 3428 Iiilus.

137 3481 199 3560 sic
219 3477 328 3576 fatus,
359 3480 506 3586 galeam
521 3478 623 3559 laeva
637 3496 751 3580 tenet,
782 3497 909 3588 atque,
941 3483 1076 3566 reflexa
1118 3514 1168 3597 53
1179 3516 1203 3598 5

139 3616 295 3698 Cervice
311 3619 460 3716 orantis,
493 3619 627 3729 capulo
645 3636 752 3698 tenus
763 3619 906 3699 abdidit
917 3620 1057 3709 ensem.

137 3758 367 3867 Necprocul
382 3759 617 3860 AEmonides,
630 3759 775 3842 Phoebi
789 3761 1015 3872 Triviaeque
1029 3763 1207 3875 sacerdos,

139 3897 265 3979 infula
279 3899 345 3979 cui
361 3898 462 3980 sacra
475 3901 674 3982 redimibat
686 3918 856 4011 tempora
870 3903 971 4002 vitta,

67 4059 74 4065 ·
139 4038 265 4121 Totus
284 4038 473 4123 collucens
487 4043 586 4125 veste
608 4059 719 4151 atque
740 4042 942 4151 infignibus
959 4046 1085 4127 armis.
1120 4072 1206 4157 539

142 4179 275 4301 Qcm
285 4181 496 4294 congressus
507 4183 583 4294 agit
594 4210 742 4293 campo,
775 4181 996 4294 lapsumque
1006 4182 1211 4296 superstans

719 4321 821 4437 Na
1128 4323 1210 4404 nn.
