2872 5176
255 381 351 525 196
441 376 1129 472 P.V1uurn11Mnnours

252 583 296 663 N
298 581 463 664 uncvivo
471 620 483 679 3
497 607 619 688 neque
628 576 751 659 adhuc
760 575 932 659 homines
947 575 1114 686 lucemq3
1127 575 1340 688 relinquo:

256 723 329 805 Sed
340 722 522 833 linquam.
554 720 665 802 simul
680 719 772 800 haec
791 720 917 799 dicens
932 718 1064 799 attollit
1081 719 1120 798 in
1137 747 1310 830 aegrum

256 865 305 963 Se
319 862 462 944 femur:
494 879 545 962 et,
576 889 793 972 quanquam
803 863 857 940 vis
876 859 951 939 alto
969 857 1117 940 volnere
1127 861 1269 961 tardat,

258 1002 562 1108 Hauddejedlus‚
594 1029 737 1109 equum
755 1000 843 1080 duci
856 998 974 1106 jubet.
1006 994 1081 1079 hoc
1095 1000 1210 1082 decus
1224 999 1303 1103 illi,

260 1141 351 1222 Hoc
370 1139 533 1220 solamen
547 1159 644 1236 erat;
672 1138 778 1239 bellis
793 1136 867 1218 hoc
885 1139 1003 1216 vietor
1017 1137 1142 1220 abibat
1240 1139 1265 1222 8
1274 1167 1341 1251 59

262 1281 465 1361 Omnibus.
494 1278 694 1386 alloquitur
711 1296 955 1373 moerentem,
986 1294 1024 1358 et
1041 1278 1174 1361 talibus
1192 1276 1307 1360 infit:

264 1417 439 1519 Rhoete,
459 1417 538 1514 diu,
568 1444 624 1497 res
642 1418 757 1526 fiqua
774 1417 840 1496 diu
859 1416 1075 1498 mortalibus
1094 1417 1169 1502 ulla
1181 1417 1255 1520 est,

263 1556 456 1640 Viximus.
486 1571 553 1636 aut
565 1554 677 1636 hodie
690 1556 807 1635 vidior
826 1554 939 1664 spolia
950 1554 1013 1633 illa
1025 1573 1177 1637 cruenta
1235 1629 1239 1637 .
1271 1562 1275 1571 '

265 1698 320 1779 Et
331 1713 445 1806 caput
461 1696 611 1778 Aeneae
624 1694 769 1791 referes,
802 1677 985 1802 Laufique
1004 1695 1179 1776 dolorum

266 1838 382 1920 Ultor
391 1839 461 1920 eris
474 1864 628 1936 mecum
639 1876 652 1935 3
681 1853 756 1932 aut,
770 1834 925 1945 aperitli
938 1834 1039 1916 nulla
1049 1836 1150 1918 viam
1163 1836 1233 1938 vis,
1247 1836 1344 1945 864

271 1975 487 2057 Occumbes
504 1975 650 2084 pariter.
680 1974 931 2082 nequeenim,
962 1973 1168 2075 furfiffime,
1186 1977 1312 2059 credo

271 2111 502 2221 Juffaaliena
514 2113 592 2224 pati
611 2131 649 2196 et
664 2113 837 2195 dominos
856 2114 1053 2222 dignabere
1071 2119 1255 2203 Teucros.

272 2254 410 2339 Dixit:
439 2272 478 2365 et
498 2272 673 2364 exceptus
688 2273 790 2365 tergo
808 2253 980 2334 consueta
997 2252 1133 2335 locavit
1229 2226 1235 2235 .
1290 2255 1293 2260 ’

273 2393 467 2492 Membra,
486 2395 691 2503 manusque
707 2393 974 2503 ambasjaculis
993 2395 1156 2476 oneravit
1168 2395 1311 2494 acutis3

273 2533 375 2622 Aere
389 2551 501 2642 caput
517 2532 676 2642 fulgens,
704 2535 884 2644 cristaque
896 2533 1054 2615 hirsutus
1064 2537 1212 2644 equina.

276 2672 337 2751 Sic
355 2672 503 2789 cursum
525 2673 563 2753 in
578 2674 721 2753 medios
739 2674 887 2784 rapidus
908 2674 1021 2757 dedit.
1049 2675 1187 2755 aestuat
1207 2675 1347 2785 ingens

276 2814 362 2891 lmo
374 2815 412 2892 in
430 2814 540 2894 corde
559 2815 692 2924 pudor,
725 2813 909 2922 mistoque
923 2815 1058 2894 insania
1076 2815 1191 2914 ludtu,
1250 2818 1337 2930 871

277 2955 329 3034 Et
340 2954 443 3035 furiis
461 2957 615 3064 agitatus
636 2985 753 3065 amor,
785 2975 823 3036 et
836 2956 979 3036 conscia
997 2957 1132 3041 virtus:

277 3095 406 3200 Atque
419 3092 482 3173 hic
495 3097 649 3175 Aenean
666 3122 802 3202 magna
819 3114 873 3175 ter
890 3123 981 3174 voce
1000 3099 1154 3181 vocavit.

276 3234 422 3311 Aeneas
440 3234 588 3338 agnovit
602 3262 705 3332 eum,
737 3233 923 3340 laetusque
935 3253 1123 3342 precatur:
1166 3227 1168 3234 ’

112 3474 118 3487 ο
280 3373 340 3451 Sic
359 3390 460 3478 pater
475 3371 538 3451 ille
551 3372 667 3452 deum
684 3373 806 3470 faciat,
838 3374 887 3453 fic
903 3374 996 3459 altus
1010 3374 1165 3484 Apollo,
1253 3382 1310 3496 87
1318 3413 1344 3494 5

279 3511 441 3618 Incipias
458 3510 623 3591 conferre
642 3539 813 3594 manum.

280 3656 453 3735 Tantum
464 3650 608 3749 effatus,
638 3671 674 3732 et
693 3651 822 3733 infesta
836 3654 931 3733 subit
950 3656 1079 3737 obvius
1091 3655 1204 3743 hasta.

282 3793 351 3877 Ille
365 3811 511 3872 autem:
543 3791 634 3899 quid
655 3820 717 3871 me
730 3811 869 3902 erepto,
901 3794 1114 3893 saeviffime,
1134 3816 1223 3877 nato

284 3933 440 4012 Terres?
473 3928 565 4012 haec
577 3931 634 4008 via
645 3930 719 4009 sola
729 3933 814 4029 fuit,
846 3960 920 4040 qua
932 3935 1082 4042 perdere
1094 3936 1223 4047 polles.

282 4070 370 4151 Nec
385 4085 545 4146 mortem
561 4066 768 4169 horremus,
801 4098 869 4149 nec
884 4070 1014 4185 divum
1034 4074 1219 4180 parcimus
1235 4072 1318 4157 ulli.

283 4209 431 4292 Define.
457 4208 537 4314 jam
553 4206 660 4325 venio
671 4210 884 4309 moriturus,
898 4229 935 4293 et
946 4209 1038 4295 haec
1051 4213 1117 4293 tibi
1132 4231 1244 4322 pprto
1259 4216 1345 4299 881

1235 4354 1353 4435 Dona
