2872 5176
200 393 201 396 κ
358 348 970 457 AanstnoeruX«
1065 388 1156 486 191

95 573 334 681 Purpureum
345 560 475 674 pennis
492 579 532 643 et
548 564 676 669 pastae
693 559 861 668 conjugis
876 557 997 642 ostro:

99 709 285 824 Impastus
302 705 446 788 stabula
457 702 529 785 alta
550 701 609 782 leo
629 729 699 782 ceu
717 701 821 811 saepe
840 729 1046 813 peragrans,

103 851 239 933 Suadet
256 847 362 928 enim
380 842 509 925 vesana
521 841 651 936 sames,
685 839 820 920 fiforte
832 838 1008 949 firgacem

100 988 307 1101 Conspexit
328 1011 514 1095 capream,
545 999 610 1062 aut
638 979 851 1090 surgentem
870 983 910 1063 in
932 1011 1070 1071 cornua
1087 1012 1170 1073 cer.

143 1214 145 1218 .
289 1139 409 1222 vufflt
1080 1152 1137 1242 72
1144 1158 1169 1245 ς

106 1265 257 1347 Gaudet
277 1262 384 1345 hians
399 1263 579 1356 immane,
609 1257 811 1366 comasque
823 1261 970 1361 arrexit,
990 1283 1028 1346 et
1048 1264 1175 1355 haeret

105 1406 319 1489 Visceribus
336 1404 444 1513 super
459 1399 693 1482 incumbens.
725 1396 814 1480 lavit
832 1400 1006 1514 improba
1020 1424 1112 1493 teter

107 1551 187 1628 Ora
204 1572 337 1627 cruore

105 1689 169 1767 Sic
182 1686 258 1765 ruit
269 1684 308 1764 in
326 1677 457 1760 densos
468 1675 587 1757 alacer
603 1675 820 1758 Mezentius
839 1677 976 1768 hostes.

109 1824 290 1906 Sternitur
302 1818 434 1901 infelix
446 1817 589 1913 Acron,
612 1833 650 1896 et
669 1814 832 1898 calcibus
845 1835 965 1903 atram
1083 1846 1174 1941 730

110 1962 260 2047 Tundit
274 1957 443 2039 humum
456 1956 640 2067 expirans,
671 1952 901 2068 infractaque
913 1961 989 2043 tela
998 1982 1178 2057 cruentat.

112 2107 241 2211 Atque
252 2100 355 2182 idem
367 2093 577 2206 fugientem
594 2094 697 2176 haud
714 2094 769 2175 est
787 2095 958 2205 dignatus
978 2106 1134 2194 Oroden

114 2248 295 2345 Sternere,
326 2264 396 2319 nec
407 2239 507 2347 Jaeta
521 2264 677 2319 caecum
693 2236 781 2316 dare
794 2237 943 2350 cuspide
963 2247 1118 2335 volnuss

114 2384 260 2466 Obvius
277 2378 501 2488 adversoque
519 2377 692 2475 occurrit,
723 2376 869 2486 seseque
879 2382 958 2463 viro
975 2387 1037 2467 vir·
1089 2421 1115 2506 7
1121 2420 1178 2507 34

115 2520 310 2618 Contulit3
340 2516 443 2599 haud
454 2516 556 2598 furto
573 2516 718 2615 melior,
750 2516 1120 2616 sedfortibusarmis.
1160 2585 1163 2589 -

115 2669 226 2747 Tum
244 2665 352 2772 super
367 2662 557 2769 abjectum
574 2659 692 2770 pofito
707 2661 803 2770 pede
813 2662 923 2745 nixus
937 2686 975 2748 et
992 2667 1119 2757 hasta:

116 2809 205 2891 Pars
218 2803 308 2884 belli
321 2799 423 2881 haud
439 2802 652 2900 temnenda,
683 2801 765 2896 viri,
791 2803 890 2909 jacet
908 2804 1003 2889 altus
1023 2813 1181 2900 Orodes.

116 2946 365 3031 Conclamant
386 2942 486 3047 socii,
516 2942 655 3023 laetum
668 2943 813 3023 Paeana
829 2944 955 3030 secuti.

116 3087 188 3169 llle
201 3103 328 3168 autem
338 3085 529 3193 expirans:
560 3110 637 3163 non
656 3109 733 3179 me,
751 3083 968 3195 quicunque
984 3113 1037 3188 es,
1049 3091 1183 3196 inulto,

121 3229 264 3323 Vistor,
285 3251 355 3307 nec
373 3224 544 3333 longum,
557 3221 755 3303 laetabere:
786 3240 824 3304 te
835 3250 988 3336 quoque
1001 3226 1076 3312 fata
1094 3262 1183 3346 740

121 3367 358 3476 Prospeslant
368 3365 482 3474 paria,
517 3380 629 3473 atque
643 3362 776 3442 eadem
794 3390 888 3444 mox
906 3392 992 3449 arra
1002 3372 1156 3458 tenebis,

122 3508 188 3587 Ad
206 3534 323 3615 quem
336 3503 525 3585 subridens
539 3501 648 3582 mista
665 3501 880 3586 Mezentius
895 3504 971 3590 irat

123 3649 241 3734 Nunc
254 3658 412 3727 morere.
440 3643 495 3725 ast
515 3644 562 3725 de
576 3616 640 3724 me
660 3644 793 3726 divum
812 3663 915 3758 pater
931 3664 1043 3760 atque
1059 3648 1188 3734 homi·

308 3812 406 3867 num
422 3810 490 3866 rex

126 3926 286 4009 Viderit.
315 3922 391 4006 hoc
408 3925 535 4007 dicens
548 3924 678 4008 eduxit
691 3950 845 4038 corpore
861 3927 995 4022 telum.

129 4065 209 4146 Olli
227 4066 321 4146 dura
341 4065 447 4176 quies
458 4067 598 4166 oculos,
628 4085 667 4158 et
686 4068 825 4150 ferreus
841 4089 950 4182 urget
1098 4100 1188 4189 745

61 4270 67 4277 .
130 4209 316 4294 Somnusr
346 4205 386 4290 in
398 4223 585 4293 artemam
597 4209 817 4330 clauduntur
835 4209 981 4330 sununs
995 4215 1162 4302 nostem.

1093 4356 1193 4437 Cae-'
